1936 3376
756 162 914 196 INDEX
937 163 1126 197 RERUM.

179 257 349 292 Meriones,
369 256 399 294 ι’,
414 260 484 286 244.
530 255 679 286 interficit
696 255 925 294 Othryoneum,

179 304 251 332 562.
299 299 422 333 Asium,
436 302 510 329 585.
558 298 760 334 Alcathoum,
777 301 848 327 455.

138 342 282 382 Ilithyae,
306 341 345 376 λ’,
361 345 433 371 270.

138 384 192 415 Ilii
207 393 290 422 opes,
314 384 332 417 ι’.
350 386 421 412 402.

137 426 199 456 Iris
214 424 368 464 Trojanos
391 424 503 454 armari
525 424 624 464 jubet,
652 424 691 460 β’,
707 426 777 454 790.
824 423 924 452 Hele-

176 477 236 498 nae
258 467 383 497 nuntiat
404 472 562 496 certamen
584 465 706 496 Paridis
727 472 758 495 et
777 465 925 500 Menelai,

175 509 217 548 γ’,
240 512 308 539 121.
354 508 514 538 Achillem
535 509 627 548 jubet
651 517 832 538 succurrere
857 517 924 537 cor-

176 551 244 590 pori
273 550 419 584 Patrocli,
447 550 481 585 o',
502 553 570 581 167.
614 557 722 579 ventos
744 548 872 578 accersit
887 549 926 578 ad

176 592 393 631 inspirandum
409 602 486 632 rogo
502 591 646 627 Patrocli,
664 591 713 628 ψ’,
730 594 797 622 198.

136 634 326 669 Ῑὼαεειιςες,
349 634 386 669 β’,
403 637 474 664 652.

133 676 223 708 .Ῑυηο
239 676 417 706 Minervam
433 674 529 705 mittit
544 674 584 704 ad
599 674 770 705 discessum
786 674 923 705 Graeco-

175 729 246 749 rum
260 717 497 757 prohibendum,
514 716 556 752 θ’,
574 720 641 748 156.
675 723 707 746 et
724 717 870 746 Minerva
884 717 924 747 ad

175 760 330 800 proelium
346 770 379 790 se
393 765 511 799 parant,
530 760 548 793 i,
567 763 637 790 719.
654 760 777 793 92:350.
810 758 829 788 a
844 759 924 790 Jove

175 802 338 843 pugnandi
354 802 478 832 veniam
491 808 609 840 petunt,
624 802 644 836 ἒ,
662 805 732 832 757.
763 808 798 831 ut
809 801 922 832 Jovem

175 844 309 883 decipiat
324 845 456 883 seipsam
472 844 575 876 comit,
599 845 631 882 ξ’,
652 847 718 874 165.
763 842 782 872 ὲ
800 843 924 874 Venere

173 886 340 926 cingulum
367 887 466 925 poscit
491 886 529 915 ad
554 886 667 917 Jovcm
690 885 921 924 decipiendum,

177 932 244 958 188.
292 928 447 958 Somnum
463 927 528 958 adit
542 934 578 958 ut
592 927 704 959 Jovem
721 927 829 966 sopiat,
851 931 921 958 233.

172 977 204 1001 et
218 970 376 1009 promissis
398 969 572 1008 persuadet,
597 973 668 1000 270.
711 969 825 1001 Jovem
848 969 921 1004 adit,

172 1017 243 1043 292.
278 1018 372 1052 negat
387 1023 444 1042 suo
459 1012 597 1050 impulsu
613 1012 799 1050 Neptunum
815 1011 922 1042 adesse

177 1055 313 1089 Graecis,
344 1054 369 1089 ὅ,
393 1058 443 1084 54.
498 1054 633 1094 reliquos
662 1054 736 1084 deos
765 1053 838 1088 adit,
871 1057 920 1084 80.

177 1096 318 1136 Apollini
334 1102 366 1126 et
383 1096 429 1126 Iri
444 1095 532 1127 Jovis
549 1095 696 1126 mandata
718 1096 820 1131 refert,
852 1099 920 1127 145.

171 1145 308 1169 caeteros
323 1138 398 1169 deos
415 1138 586 1177 alloquitur
607 1148 701 1176 super
719 1139 828 1168 Aenea
843 1148 919 1168 con—

170 1191 316 1221 gressuro
331 1191 405 1210 cum
424 1180 559 1215 Achille,
577 1180 602 1217 ό,
622 1183 689 1210 115.
737 1180 919 1210 Vulcanum

171 1223 268 1253 mittit
283 1223 315 1252 in
334 1222 510 1258 Xanthum,
528 1222 564 1262 φ’,
577 1225 648 1252 528.
695 1221 835 1252 Dianam
851 1223 919 1252 vin-

170 1265 221 1299 cit,
244 1268 315 1294 480.

127 1307 266 1338 Junonis
289 1316 362 1336 cum
389 1306 469 1337 Jove
487 1306 640 1346 jurgium,
668 1306 700 1343 d,
715 1309 786 1337 540.
820 1305 850 1342 δ’,
868 1310 917 1338 25.

171 1350 261 1379 verba
276 1348 315 1378 ad
335 1348 520 1386 Neptunum
536 1348 576 1384 θ’,
596 1351 664 1380 198.

127 1390 254 1429 Jupiter
271 1390 398 1420 Thetidi
423 1390 578 1429 promittit
599 1400 632 1419 se
656 1390 801 1420 ulturum
819 1391 917 1421 Achi-

169 1443 230 1466 vos,
248 1433 276 1467 οἱ,
289 1436 360 1462 518.
384 1432 544 1462 somnium
559 1432 656 1462 mittit
670 1433 918 1472 Agamemnoni,

167 1474 206 1510 β’,
224 1478 252 1505 7.
296 1474 356 1504 diis
371 1474 529 1504 interdicit
544 1475 647 1504 neutri
669 1475 813 1505 auxiliari
829 1485 917 1505 exer·

168 1516 300 1551 cituum,
322 1516 363 1552 θ’,
379 1520 409 1547 5.
451 1516 540 1547 Jovis
554 1527 649 1546 aurea
663 1523 780 1552 catena,
801 1521 846 1548 19.
886 1518 917 1547 in

173 1558 265 1588 Idam
280 1558 449 1594 descendit,
473 1561 522 1588 41.
571 1557 649 1588 Irim
665 1559 763 1589 mittit
778 1559 816 1589 ad
831 1560 916 1589 cohi·

168 1600 308 1631 bendum
323 1600 486 1631 Junonem
502 1606 534 1630 et
549 1600 729 1630 Minervam
751 1600 770 1630 a
789 1602 916 1640 proelio,

166 1645 239 1674 598.
287 1642 417 1672 Eridem
434 1642 530 1672 mittit
545 1642 584 1672 ad
600 1653 694 1672 naves
712 1643 916 1678 Graecorum,

168 1684 206 1719 λ’,
220 1688 251 1715 5.
298 1684 378 1714 Irim
399 1684 497 1714 mittit
520 1684 561 1714 ad
589 1684 762 1715 Hectorem
785 1692 821 1715 ut
843 1696 915 1715 eum

162 1725 273 1765 jubeat
288 1726 328 1756 ad
343 1732 468 1765 tempus
482 1725 501 1756 ὸ.
515 1727 634 1765 proelio
651 1727 813 1763 abstinere,
845 1731 913 1758 185.

170 1768 381 1808 Sarpedonem
397 1769 429 1798 in
446 1779 574 1798 murum
593 1769 786 1799 Graecorum
809 1770 912 1800 conci·

167 1816 220 1846 tat,
242 1810 282 1847 μ’,
300 1814 372 1842 292.
417 1816 448 1841 et
466 1811 636 1850 Neptunus
651 1811 779 1842 diversis
800 1812 913 1847 favent,

168 1852 196 1887 ι’,
213 1856 286 1883 547.
330 1852 442 1883 fraude
457 1852 597 1884 Junonis
618 1853 735 1883 dormit
757 1854 789 1883 in
812 1855 916 1893 perni-

167 1894 247 1924 ciem
276 1894 496 1935 Trojanorum,
533 1895 566 1933 ξ’,
592 1899 665 1927 552.
721 1904 919 1935 experrectus

165 1936 328 1967 Junonem
351 1937 506 1976 objurgat,
534 1938 558 1974 ὅ,
573 1941 601 1968 5.
646 1937 809 1968 Junonem
826 1939 919 1978 jubet

166 1984 203 2008 ut
226 1979 284 2008 sibi
311 1978 389 2008 Irim
418 1985 555 2009 accersat
583 1985 614 2009 et
641 1980 835 2018 Apollinem,
866 1985 916 2012 49.

170 2020 250 2051 Irim
266 2020 306 2051 ad
324 2021 512 2060 Neptunum
536 2021 634 2052 mittit
656 2027 692 2051 ut
706 2020 725 2051 a
740 2033 848 2062 pugna
861 2023 915 2053 de-

166 2063 263 2098 sistat,
284 2066 352 2094 157.
395 2063 492 2093 mittit
506 2063 546 2094 ad
565 2063 748 2103 Apollinem
764 2065 803 2094 ad
819 2066 915 2095 susci-

165 2105 298 2135 tandum
317 2105 500 2140 Hectorem,
529 2109 599 2136 220.
648 2106 821 2136 Hectorem
837 2107 916 2138 inci-

164 2152 219 2182 tat,
242 2150 314 2178 595.
358 2148 549 2177 moriturum
564 2148 776 2187 Sarpedonem
788 2149 914 2179 misera-

165 2194 225 2223 tur,
252 2188 292 2224 π’,
309 2192 380 2219 455.
428 2189 612 2228 Apollinem
633 2190 726 2230 jubet
748 2196 786 2220 ut
807 2191 916 2230 Sarpe—

164 2230 240 2261 doni
257 2231 486 2270 parentandum
503 2238 599 2266 curet,
623 2236 694 2263 667.
742 2232 915 2264 Hectorem

164 2272 338 2308 miseratur,
355 2273 387 2315 ρ’,
408 2277 475 2305 198.
499 2273 544 2312 χ’,
563 2278 632 2304 168.
671 2274 806 2304 Achillis
821 2285 917 2315 equos

164 2315 338 2350 miseratus,
366 2319 438 2346 445.
488 2315 652 2347 Junonem
681 2316 852 2357 alloquitur
877 2318 917 2348 de

165 2356 300 2387 excitato
318 2357 453 2393 Achille,
476 2359 511 2393 α’,
527 2361 599 2389 557.
646 2358 825 2389 Minervam
842 2359 915 2389 mit»

163 2398 202 2428 tit
216 2398 257 2428 ad
271 2400 431 2429 Achillem
446 2400 696 2437 refocillandum,
714 2400 749 2436 τ’,
759 2404 831 2431 540.
861 2402 913 2441 ju—

163 2442 216 2471 bet
230 2451 341 2471 omnes
352 2441 426 2472 deos
435 2442 581 2480 opitulari
598 2443 675 2472 utris
686 2443 818 2483 quisque
830 2444 912 2479 velit,

163 2483 186 2518 ό,
204 2486 253 2513 20.
300 2483 417 2513 'I'hetin
440 2484 537 2514 mittit
553 2484 592 2514 ad
610 2485 769 2515 Achillem
793 2492 829 2516 ut
844 2496 911 2516 cor-

161 2534 221 2563 pus
239 2524 388 2555 Hectoris
406 2525 534 2555 Priamo
549 2526 658 2562 tradat,
675 2527 706 2563 25,
727 2530 794 2557 104.
833 2527 910 2557 Irim

161 2566 201 2596 ad
219 2566 383 2597 Priamum
396 2574 431 2597 ut
445 2568 601 2598 Achillem
618 2569 716 2602 adeat.
733 2573 800 2600 144.
826 2570 910 2600 Mer-

161 2608 285 2639 curium
301 2609 415 2640 ducem
431 2611 528 2640 mittit
546 2610 681 2647 Priamo,
698 2615 769 2643 555.

497 2736 532 2766 I..

117 2802 284 2853 LAAN.
307 2819 345 2854 β’,
363 2823 433 2850 585.

119 2859 370 2894 Lacedaemonii.
394 2861 431 2896 β’,
450 2865 520 2892 581.

118 2900 280 2939 Lapithae,
302 2902 343 2940 μ’.
364 2907 431 2932 128.

118 2942 251 2978 Larissa,
274 2944 306 2984 ς’,
322 2948 393 2974 301.

120 2983 259 3025 Leleges,
284 2985 319 3021 ι’,
336 2989 406 3017 429.

1675 166 1754 202 519

963 255 1062 290 Litae,
1087 257 1104 290 ἶ,
1122 261 1193 286 498ι

962 297 1064 331 Locri,
1088 298 1124 332 β’,
1141 301 1214 328 527.

963 338 1090 378 Lycaon
1111 339 1284 370 Priamides
1299 341 1338 370 ab
1359 340 1482 370 Achille
1499 341 1628 376 vinctus,
1646 340 1683 381 φ’,
1699 345 1750 372 55.

1006 381 1122 410 Achilli
1140 381 1253 410 frustra
1269 383 1431 421 supplicat,
1456 386 1504 413 97.

962 421 1070 461 Lycia,
1094 423 1131 457 κ’,
1148 426 1218 452 450.

962 464 1062 503 Lycii,
1085 464 1126 502 μ’,
1142 467 1213 494 550.

1335 548 1380 577 M.

959 614 1249 667 RIACHAON,
1271 631 1309 667 β’,
1334 634 1403 662 752.
1450 632 1635 663 Menelaum
1653 640 1750 670 curat,

1002 673 1032 709 δ’,
1050 678 1120 704 210.

962 715 1137 756 Magnetes,
1160 715 1196 750 β’,
1215 718 1284 746 756.

961 758 1048 788 Mars
1063 758 1246 788 vulneratur
1260 757 1279 787 ὲ
1297 757 1463 793 Diomede,
1481 758 1500 792 i,
1519 761 1588 789 855.
1626 760 1752 790 saucius

1001 801 1084 839 apud
1109 800 1222 831 Jovem
1248 800 1432 838 expostulat,
1457 804 1527 830 872.
1572 800 1668 841 aquo
1693 804 1740 831 ol»

995 843 1152 883 jurgatur,
1171 845 1240 872 887.
1284 841 1392 871 audita
1409 849 1509 872 morte
1524 842 1581 872 filii
1597 842 1749 880 irascitur,

1001 886 1021 919 6,
1045 889 1112 914 115.

960 926 1109 960 Medeon,
1133 926 1170 961 β’,
1188 929 1256 957 501.

960 969 1080 1008 Meges,
1104 969 1141 1004 β’,
1159 971 1231 999 627.

961 1010 1124 1051 Meleagro
1141 1011 1207 1050 (de)
1225 1010 1369 1045 narratio,
1394 1010 1411 1045 ι’,
1429 1014 1501 1042 525.

959 1052 1135 1087 Menelaus,
1167 1054 1204 1088 β’,
1229 1056 1298 1083 586.
1343 1059 1501 1082 certamen
1532 1063 1604 1083 cum
1634 1053 1749 1085 Paride

999 1095 1136 1134 suscipit,
1154 1095 1192 1134 γ’,
1210 1099 1260 1126 97.
1306 1093 1324 1124 ὰ
1344 1095 1490 1125 Pandaro
1506 1095 1622 1134 perfidi¹
1640 1097 1748 1127 vulne-

998 1143 1092 1173 ratur,
1118 1137 1151 1172 δ’,
1180 1140 1246 1167 104.
1294 1136 1519 1176 Pylaemenem
1546 1138 1701 1173 interficit,
1730 1139 1748 1172 i.

998 1183 1069 1209 576.
1115 1179 1287 1210 Adrestum
1312 1179 1402 1217 capit,
1433 1179 1466 1217 ζ’,
1491 1183 1544 1210 57.
1590 1187 1748 1211 certamen

997 1221 1137 1260 accipere
1153 1221 1221 1250 vult
1236 1231 1308 1251 cum
1330 1221 1476 1256 Hectore,
1495 1223 1518 1257 ἦ,
1533 1225 1582 1253 94.
1606 1222 1660 1252 sed
1676 1233 1748 1261 pro-

996 1264 1121 1294 hibetur
1142 1265 1181 1293 ab
1194 1264 1446 1303 Agamemnone,
1462 1267 1530 1295 109.
1559 1270 1590 1293 et
1602 1265 1685 1304 Ajax
1701 1265 1747 1295 U-

996 1305 1069 1345 lyssi
1085 1316 1177 1344 opem
1190 1305 1305 1340 ferunt,
1323 1305 1360 1341 λ’,
1378 1309 1450 1335 468.
1496 1305 1661 1336 Helenum
1678 1307 1747 1336 vul-

996 1354 1094 1382 nerat,
1120 1348 1149 1383 ν’,
1167 1351 1238 1379 598.
1286 1347 1478 1377 Pisandrum
1494 1347 1650 1383 interficit,
1678 1353 1748 1380 605.

997 1390 1207 1421 Antilochum
1235 1390 1384 1424 hortatur,
1412 1390 1434 1423 ὅ,
1457 1393 1527 1420 567.
1574 1390 1749 1429 Euphorbo

995 1432 1188 1472 indignatur,
1214 1431 1310 1471 3218.
1353 1442 1490 1472 eumque
1515 1432 1671 1467 interficit,
1697 1437 1748 1464 45.

998 1474 1130 1504 Hectori
1147 1474 1237 1508 cedit,
1261 1477 1326 1504 107.
1357 1473 1453 1504 duces
1467 1475 1654 1509 cohortatur,
1673 1478 1746 1506 246.

995 1516 1157 1546 animatur
1180 1514 1198 1545 a
1227 1515 1382 1551 Minerva,
1413 1520 1487 1547 554.
1535 1517 1747 1548 Antilochum

996 1559 1093 1588 mittit
1108 1558 1147 1588 ad
1161 1558 1320 1588 Achillem
1338 1558 1520 1588 nuntiatum
1538 1566 1670 1588 mortem
1686 1559 1746 1590 Pa-

996 1600 1094 1635 trocli,
1122 1603 1194 1631 684.
1237 1600 1269 1629 in
1297 1600 1372 1630 ludo
1399 1600 1543 1630 irascitur
1565 1601 1746 1638 Antilocho,

996 1643 1042 1680 4¹,
1059 1646 1133 1673 569.

954 1685 1168 1719 Menestheus,
1188 1683 1225 1720 β’,
1243 1687 1313 1715 552.
1359 1684 1453 1714 misso
1471 1684 1594 1715 Thoota
1610 1686 1648 1716 ab
1668 1686 1744 1727 Aja-

994 1727 1081 1757 cibus
1097 1727 1173 1765 petit
1188 1727 1351 1762 auxilium,
1374 1728 1415 1764 μ’,
1431 1730 1503 1758 542.

953 1769 1133 1799 Mercurius
1162 1769 1324 1799 Priamum
1351 1770 1506 1804 convenit,
1536 1770 1567 1804 ὦ,
1590 1773 1660 1801 562.
1714 1777 1746 1801 et

993 1811 1081 1840 ducit
1093 1811 1132 1841 ad
1147 1811 1316 1846 Achillem,
1328 1815 1396 1841 440.
1430 1811 1639 1842 dormientem
1655 1812 1743 1843 Pria-

994 1863 1083 1882 mum
1099 1860 1215 1887 monet,
1239 1857 1310 1884 683.

954 1895 1124 1927 Meriones.
1151 1896 1187 1931 β’,
1206 1899 1276 1926 651.
1324 1895 1527 1934 Deiphobum
1544 1895 1697 1933 vulnerat,
1714 1895 1742 1933 ι’,

993 1941 1064 1968 555.
1111 1938 1340 1976 Harpalionem
1356 1938 1511 1974 interficit,
1535 1941 1606 1969 648.

953 1979 1095 2015 Messe'is,
1120 1980 1155 2017 ζ’,
1172 1984 1242 2010 457.

953 2022 1114 2057 Mesthles,
1137 2022 1174 2058 β’,
1192 2026 1262 2053 864.

953 2064 1114 2099 Methone,
1137 2064 1174 2100 β’,
1193 2068 1262 2095 716.

953 2106 1049 2135 Miles
1064 2106 1196 2146 ignavus
1211 2114 1242 2137 et
1257 2114 1410 2141 strenuus,
1436 2107 1464 2143 ι’,
1481 2110 1551 2138 279.

953 2147 1098 2177 Minerva
1112 2148 1290 2178 Pandarum
1308 2150 1373 2179 adit
1387 2149 1425 2178 ad
1442 2149 1553 2179 foedus
1565 2150 1632 2189 ejus
1647 2150 1740 2189 opera

993 2190 1184 2225 violandum,
1202 2190 1232 2225 δ’,
1251 2195 1319 2222 751.
1367 2191 1516 2221 Diomedi
1534 2191 1588 2222 dat
1603 2194 1706 2228 robur,
1720 2195 1740 2229 i,

996 2234 1020 2261 1.
1046 2232 1183 2262 Martem
1195 2233 1299 2263 educit
1311 2243 1347 2263 ex
1362 2234 1436 2268 acie,
1445 2237 1493 2264 29.
1518 2233 1673 2264 Venerem
1685 2235 1739 2265 de·

991 2273 1080 2309 ridet,
1097 2278 1167 2305 420.
1213 2275 1250 2305 ad
1267 2276 1423 2314 proelium
1438 2285 1470 2305 se
1485 2282 1580 2314 parat,
1606 2280 1676 2307 719.
1721 2277 1740 2308 d

992 2315 1072 2346 Jove
1087 2317 1250 2357 pugnandi
1264 2318 1387 2347 veniam
1402 2318 1488 2356 petit,
1500 2321 1570 2349 757.
1606 2318 1738 2350 Diome-

991 2357 1063 2387 dem
1079 2359 1257 2398 alloquitur,
1282 2363 1352 2391 799.
1395 2366 1425 2390 et
1437 2360 1529 2400 jubet
1543 2370 1615 2390 cum
1635 2361 1740 2392 Marte

991 2401 1150 2440 congredi,
1168 2404 1238 2432 825.
1276 2401 1427 2432 deliberat
1442 2412 1515 2432 cum
1534 2402 1684 2441 Apolline
1699 2403 1739 2434 de

991 2442 1110 2480 proelio
1136 2443 1168 2472 in
1195 2444 1368 2482 praesentia
1397 2444 1602 2483 reprimendo,
1633 2446 1658 2478 ἡ,
1687 2450 1736 2476 24.

990 2484 1057 2523 ejus
1072 2486 1162 2514 verba
1179 2485 1217 2515 ad
1231 2485 1352 2521 Jovem,
1369 2486 1409 2521 θ’,
1426 2491 1476 2518 29.
1522 2487 1660 2516 Martem
1684 2498 1734 2517 co-

989 2526 1081 2561 hibet,
1101 2528 1122 2562 6,
1143 2531 1209 2557 124.
1256 2527 1395 2558 Martem
1411 2529 1585 2567 prosternit.
1611 2528 1647 2566 φ’,
1665 2533 1735 2559 402.

987 2573 1018 2597 et
1036 2568 1201 2603 Venerem,
1229 2573 1300 2600 425.
1344 2570 1469 2609 sumpta
1486 2570 1644 2609 Deiphobi
1672 2571 1734 2601 sor-

987 2609 1038 2639 ma
1055 2611 1186 2641 Hectori
1203 2611 1368 2650 persuadet
1381 2618 1418 2643 ut
1429 2622 1502 2642 cum
1518 2613 1643 2643 Achille
1659 2623 1733 2643 con-

985 2653 1154 2691 grediatur,
1171 2653 1216 2693 χ’,
1232 2657 1302 2684 226.

945 2694 1108 2733 Minye'ius
1122 2695 1250 2730 flumen,
1268 2696 1304 2731 λ’,
1323 2700 1392 2726 721.

945 2736 1065 2766 Mortui
1082 2737 1285 2775 sepeliuntur,
1303 2740 1326 2773 οἱ,
1345 2742 1412 2769 419.

944 2778 1110 2809 Musarum
1127 2779 1291 2815 invocatio,
1309 2782 1340 2817 ri,
1361 2784 1384 2810 1.
1408 2781 1448 2815 β’,
1464 2784 1533 2809 484.

943 2820 1077 2859 Mycale.
1094 2821 1134 2858 β’,
1145 2826 1214 2852 869.

942 2862 1158 2901 Mycenenses,
1174 2864 1210 2898 β’,
1229 2867 1298 2894 569.

942 2904 1168 2942 Myrmidones.
1190 2906 1227 2940 β’,
1245 2909 1315 2936 684.
1351 2906 1382 2935 in
1394 2916 1533 2946 pugnam
1545 2905 1671 2941 vadunt,
1691 2906 1730 2942 τ’,

941 2987 1033 3026 Mysi,
1051 2988 1083 3024 ι’,
1100 2991 1168 3018 278.
