1936 3376
490 244 530 275 N.

122 325 332 375 NASTES
347 346 385 381 β’,
399 348 468 375 870.

121 386 259 417 Navium
275 387 478 422 enumeratio,
494 388 542 418 vel
562 389 692 420 Boeotia
706 389 746 426 β’,
759 394 830 422 494.

122 428 265 467 Neptuni
288 435 319 459 et
340 429 428 460 Jovis
450 432 542 460 verba
563 431 602 461 de
618 442 710 462 muro
729 432 912 463 Graecorum

161 472 186 505 ἡ,
222 475 294 502 446.
326 481 400 501 cum
441 471 616 503 Idomeneo
651 474 853 514 colloquium,
884 474 913 510 ν’,

121 552 288 592 Neptunus
313 554 353 584 ad
376 554 536 585 ferendam
565 556 683 587 Graecis
704 568 796 596 opem
818 557 910 596 profi-

158 597 284 626 ciscitur
306 596 337 633 nl,
356 600 401 626 10.
431 597 542 637 Ajaces
557 599 676 628 animat
698 603 748 630 47.
775 600 912 629 Achivos

160 639 274 668 excitat
300 642 348 670 95.
376 639 496 669 saucios
518 641 696 670 consolatur
716 647 747 671 et
774 641 912 671 Achivos

159 680 278 710 animat
300 680 334 718 ξ’,
359 684 426 715 159,
449 684 520 711 565.
554 682 626 712 Jovi
641 683 784 713 irascitur
799 684 822 718 0'‚
842 687 909 713 184.

157 722 196 751 de
211 723 313 752 AEnea
324 723 535 753 conservando
550 725 706 754 consultat
719 726 742 757 ύ,
755 728 825 756 295.
849 725 907 754 AE-

159 774 250 794 neam
270 765 388 794 Achilli
399 765 545 794 subducit
559 769 631 795 521.
653 767 812 796 Achillem
834 777 908 797 con-

160 806 277 836 solatur
293 806 332 845 φ’,
348 810 418 838 288.
437 807 621 846 Apollinem
633 808 672 838 ad
684 819 824 849 pugnam
837 819 908 848 pro-

156 855 245 878 vocat
260 852 330 879 435.
378 885 384 890 ·

117 889 246 920 Neritus
261 890 300 928 β’,
316 894 386 921 652.

116 931 232 962 Nestor
259 933 296 967 β’,
328 936 398 962 601.
432 933 566 963 Achillis
595 940 626 964 et
658 935 909 974 Agamemnonis

155 974 389 1004 contentionem
412 985 599 1013 componere
625 984 756 1006 conatur
782 979 813 1011 ά,
837 980 906 1008 247.

154 1015 300 1046 laudatur
322 1018 360 1046 ab
385 1017 627 1057 Agamemnone
648 1018 688 1055 β’,
710 1022 781 1049 570.
803 1020 906 1049 horta-

154 1064 206 1087 tur
231 1058 346 1088 milites
372 1058 409 1096 ζ’,
442 1063 491 1089 66.
525 1059 651 1090 Graecos
680 1061 826 1101 objurgat
854 1061 908 1101 qui

154 1110 227 1129 cum
255 1100 394 1130 Hectore
420 1101 570 1141 congredi
596 1112 660 1132 non
684 1102 821 1132 audeant
839 1106 906 1133 125.

154 1142 188 1171 in
203 1142 342 1180 periculo
358 1149 496 1172 versatur
511 1143 554 1180 θ’,
570 1147 619 1174 80.
635 1144 719 1184 fugit
734 1155 808 1174 cum
828 1145 906 1175 Dio-

155 1184 246 1214 mede
275 1187 341 1215 157.
367 1185 433 1224 ejus
459 1185 625 1215 consilium
651 1186 690 1216 de
716 1187 855 1217 excubiis
877 1193 908 1217 et

153 1236 242 1256 coena
265 1226 284 1261 ι’,
305 1230 354 1257 54.
371 1233 402 1256 et
417 1227 455 1256 de
470 1228 610 1265 pacando
629 1228 754 1258 Achille
771 1233 820 1259 96.
837 1240 904 1258 sur-

151 1278 230 1308 gens
253 1275 348 1298 noctu
372 1268 517 1308 Ulyssem
540 1270 606 1299 adit
621 1270 658 1304 x',
678 1274 746 1300 152.
773 1271 904 1301 Diome-

153 1310 225 1340 dem
263 1311 376 1340 excitat
403 1314 470 1342 160.
499 1311 610 1342 suadet
635 1313 846 1350 exploratores
872 1313 904 1342 in

153 1352 291 1382 hostium
308 1359 407 1382 castra
421 1353 590 1383 mittendos
611 1357 681 1384 204.
701 1355 830 1394 antiqua
849 1366 905 1385 sua

152 1394 292 1424 facinora
307 1401 532 1425 commemorat
554 1395 594 1432 λ’,
620 1399 691 1426 667.
718 1397 822 1435 prodit
848 1407 903 1426 au-

153 1435 220 1466 dito
246 1437 381 1466 clamore
403 1437 441 1466 ad
465 1438 678 1476 spectaculum
697 1438 729 1476 ξ’,
750 1442 774 1468 l.
791 1439 836 1468 illi
852 1449 902 1468 oc-

153 1484 286 1508 currunt
311 1478 407 1508 saucii
433 1482 482 1509 27.
507 1479 619 1510 Jovem
635 1486 779 1518 precatur
795 1481 818 1518 ὃ,
832 1485 904 1511 572.

157 1519 284 1550 Graecos
299 1527 366 1550 orat
381 1527 416 1550 ut
429 1521 510 1551 hosti
526 1521 671 1551 resistant
684 1526 756 1553 658.
765 1522 803 1552 de
813 1533 904 1552 cursu

153 1561 220 1592 filio
235 1569 388 1601 pra->cepta
402 1562 456 1592 dat
471 1563 519 1600 ψ’,
533 1567 605 1594 506.

114 1603 256 1634 Nestoris
279 1605 378 1634 oratio
402 1605 442 1634 ad
467 1605 582 1635 milites
603 1605 642 1641 β’,
663 1609 736 1637 557.
759 1607 851 1636 verba
867 1606 906 1636 ad

155 1647 433 1686 Agamemnonem
459 1645 492 1684 δ’,
517 1650 590 1678 515.
613 1648 711 1677 oratio
737 1647 775 1678 de
794 1648 904 1687 sepeli-

154 1689 243 1718 endis
258 1689 390 1718 mortuis
405 1696 435 1718 et
449 1689 659 1720 construendo
674 1700 766 1720 muro
781 1691 808 1727 ἡ,
822 1694 893 1722 525.

113 1730 226 1761 Niobae
241 1731 348 1760 fabula
363 1731 394 1767 ὦ,
410 1735 481 1762 602.

114 1772 230 1803 Nireus
249 1772 433 1803 Graecorum
448 1773 690 1804 formosissimus
704 1775 746 1812 β’,
761 1778 830 1806 671.

114 1814 193 1844 Nisa
207 1815 247 1850 β’,
263 1819 334 1845 508.

113 1856 282 1896 Nysse'ium
300 1857 335 1896 ζ’,
353 1861 420 1888 155.

486 1984 525 2014 Ο.

115 2067 397 2116 OECHALIA
413 2085 540 2123 132750.

115 2128 231 2159 Olenia
245 2127 281 2163 β’,
299 2131 369 2158 617.
387 2128 425 2162 λ’,
442 2131 513 2159 756.

116 2170 238 2200 Olenus
251 2170 290 2207 β’,
307 2174 377 2201 659.

116 2212 294 2242 Onchestus
308 2212 349 2249 β’,
365 2215 435 2243 506.

116 2254 336 2285 Orchomenus
350 2254 389 2289 β’,
404 2258 475 2285 605.

116 2296 191 2326 Orci
207 2296 297 2336 galea
313 2297 334 2331 ἓ,
350 2300 420 2327 845.

116 2338 294 2368 Orestiades
311 2338 468 2378 Nymphae
486 2338 524 2377 ζ’,
540 2343 610 2369 420.

489 2478 523 2509 P.

115 2559 400 2607 PANDARUS
424 2578 464 2612 β’,
488 2580 557 2607 827.
585 2576 769 2606 Menelaum
790 2575 907 2614 perfide

156 2620 298 2649 vuluerat
312 2618 343 2655 δ’,
364 2622 432 2649 104.
455 2618 473 2648 a
500 2618 655 2649 Diomede
677 2618 862 2648 interficitur
885 2619 907 2654 i,

157 2666 227 2691 ‘290-

118 2702 206 2732 Paris
222 2703 251 2732 in
269 2703 369 2741 prima
384 2702 448 2732 acie
464 2713 496 2732 se
518 2708 651 2732 ostentat
668 2701 706 2741 γ’,
727 2706 773 2732 16.
790 2701 907 2741 trepide

158 2745 274 2785 refugit
288 2749 338 2774 52.
355 2746 394 2774 ab
414 2745 551 2774 Hectore
571 2745 753 2784 objurgatus
768 2748 817 2773 38.
834 2755 906 2774 cum

161 2787 308 2816 Menelao
323 2797 355 2816 se
371 2796 611 2825 congressurum
635 2786 763 2823 suscipit
785 2789 834 2816 58.
858 2796 906 2815 ar-

158 2834 262 2858 matur
286 2832 357 2858 527.
385 2835 481 2858 certat
506 2838 578 2858 cum
616 2828 764 2857 Menelao
793 2831 865 2858 545.
890 2826 907 2856 a

161 2870 284 2899 Venere
300 2880 335 2899 ex
354 2870 460 2908 proelio
476 2869 641 2908 surripitur
663 2873 734 2899 380.
751 2871 788 2898 ab
808 2870 906 2899 Hele-

753 152 912 187 INDEX
938 153 1126 189 RERUM.

989 250 1061 276 568.
1077 252 1109 275 et
1125 246 1335 280 Machaonem
1351 252 1422 281 507.
1438 253 1474 278 ut
1488 254 1520 278 et
1541 247 1740 289 Eurypylum

990 291 1060 318 582.
1080 288 1302 322 Euchenorem
1317 291 1466 322 interficit
1481 291 1511 325 ι’,
1527 293 1598 321 668.

952 328 1139 359 Parthenius
1153 331 1194 369 β’,
1209 336 1280 363 854.

952 370 1115 401 Patroclus
1130 372 1170 401 ad
1188 374 1346 405 Achillem
1363 376 1526 405 revertitur
1551 374 1574 406 ὅ.
1594 376 1665 405 405.
1693 375 1739 404 A-

989 413 1116 443 chillem
1131 421 1198 445 orat
1212 423 1248 445 ut
1263 427 1295 447 se
1310 417 1420 447 saltem
1442 417 1474 446 in
1499 414 1643 454 proelium
1664 416 1737 446 mit-

989 461 1034 484 tat
1057 454 1099 489 τ’,
1121 459 1170 486 20.
1197 465 1336 489 armatur
1361 463 1428 489 130.
1453 457 1672 496 Myrmidonas
1687 467 1739 488 co-

988 496 1130 526 hortatur
1154 502 1224 530 269.
1248 510 1321 530 cum
1345 501 1410 531 suis
1437 500 1554 530 multos
1586 499 1740 539 Trojano-

989 548 1059 568 rum
1082 539 1229 570 interficit
1253 546 1322 578 284,
1345 546 1416 578 598,
1433 546 1503 573 695.
1534 541 1646 581 Ajaces
1667 542 1739 571 hor·

988 586 1072 611 tatur
1094 585 1164 612 556.
1192 583 1377 614 Cebrionem
1404 583 1551 614 interficit
1573 586 1644 614 757.
1660 583 1742 614 circa

991 621 1127 653 Patrocli
1152 634 1263 663 corpus
1289 627 1324 656 fit
1351 637 1422 656 acre
1443 625 1589 664 proelium
1612 625 1645 666 ρ’,
1668 628 1739 660 274,

988 667 1058 699 415,
1075 669 1145 695 545.
1166 667 1283 697 Achilli
1300 668 1332 698 in
1349 669 1467 698 somnis
1482 673 1608 706 apparet
1624 666 1672 704 ψ’,
1689 670 1740 697 62.

989 716 1084 746 rogus
1100 707 1145 736 illi
1161 710 1352 740 construitur
1377 714 1444 741 161.
1472 708 1608 739 Patrocli
1633 708 1737 747 sepul-

987 749 1098 778 chrum
1115 753 1185 779 256.
1202 760 1311 781 cursus
1333 753 1476 792 equitum
1499 752 1530 780 in
1547 750 1658 780 sunere
1678 750 1737 780 Pae

987 790 1074 820 trocli
1090 794 1162 820 562.
1179 791 1347 823 victoribus
1362 793 1490 832 praemia
1505 793 1620 823 dantur
1635 795 1706 823 556.

948 831 1050 861 Pelias
1065 833 1153 862 hasta
1169 832 1206 869 τ’,
1221 838 1294 866 590.

948 873 1072 903 Pelium
1088 874 1127 910 β’,
1145 878 1214 905 757.

948 915 1102 945 Peneleus
1122 917 1258 948 Ilioncm
1274 919 1399 957 perimit
1415 918 1450 957 ξ’,
1466 922 1537 950 486.

946 957 1076 987 Percote
1091 958 1127 994 β’,
1145 963 1215 990 855.
1239 961 1264 999 6,
1279 964 1350 991 548.

948 998 1119 1030 Pherenses
1133 1001 1171 1036 β’.
1188 1004 1258 1032 711.

947 1041 1122 1081 Phidippus
1136 1043 1176 1079 β’,
1191 1048 1262 1075 678.

948 1083 1124 1120 Phocenses
1138 1086 1176 1120 β’,
1194 1089 1266 1117 517.

946 1125 1078 1156 Phoenix
1108 1128 1267 1158 Achillem
1298 1128 1338 1158 ad
1364 1139 1472 1168 pacem
1497 1129 1639 1159 hortatur
1663 1138 1737 1159 cum

989 1169 1231 1208 Agamemnone
1247 1171 1265 1206 ί,
1282 1174 1353 1201 452.

946 1209 1075 1240 Phorcis
1090 1211 1130 1246 β’,
1146 1215 1216 1242 862.

945 1251 1060 1281 Phthia
1076 1253 1094 1285 ι’,
1110 1257 1180 1283 480.

945 1293 1052 1324 Pieria
1067 1294 1100 1332 ξ’,
1118 1299 1188 1326 226.

945 1335 1088 1366 Ple'iades
1104 1336 1138 1371 π’,
1153 1341 1224 1368 486.

945 1377 1101 1408 Poculum
1120 1379 1255 1410 Achillis
1271 1380 1315 1419 τ’,
1331 1384 1404 1412 225.

944 1419 1121 1450 Podalirius
1135 1421 1174 1456 β’,
1190 1425 1261 1452 752.

945 1461 1121 1492 Podarches
1136 1464 1174 1498 β’,
1192 1467 1263 1494 704.

944 1503 1132 1542 Polydamas
1147 1505 1314 1536 consilium
1330 1505 1384 1536 dat
1398 1505 1437 1536 de
1452 1505 1533 1536 fossa
1550 1505 1735 1537 Graecorum

982 1547 1173 1576 transeunda
1187 1547 1228 1584 μ’,
1246 1552 1296 1578 60.
1313 1547 1495 1587 prodigium
1517 1548 1737 1586 interpretatur

983 1594 1014 1617 et
1029 1589 1195 1618 consilium
1217 1589 1271 1619 dat
1294 1593 1365 1620 212.
1393 1590 1566 1620 Hectorem
1589 1591 1736 1630 objurgat

984 1629 1014 1665 ν’,
1031 1633 1100 1660 755.
1128 1630 1355 1661 Prothenorem
1378 1632 1524 1662 interficit
1544 1632 1576 1669 ξ’,
1594 1635 1664 1662 448.
1681 1642 1733 1661 ur-

982 1673 1054 1701 bem
1076 1672 1245 1710 petendam
1267 1673 1377 1703 suadet
1399 1673 1434 1710 c'‚
1456 1677 1526 1705 255.
1543 1674 1594 1704 cui
1613 1673 1736 1704 Hector

983 1714 1166 1744 contradicit
1182 1718 1254 1746 285.

944 1754 1121 1794 Polypoetes
1136 1756 1172 1792 β’,
1191 1760 1259 1787 740.
1277 1763 1308 1787 et
1325 1757 1478 1787 Leontius
1492 1757 1532 1794 μ’,
1552 1761 1620 1788 129.

943 1797 1131 1828 Portentum
1146 1798 1288 1829 draconis
1303 1799 1357 1839 qui
1371 1810 1508 1838 passeres
1523 1798 1680 1830 devoravit
1693 1799 1734 1836 β’,

981 1843 1053 1871 509.

945 1881 1105 1912 Praetium
1122 1882 1159 1917 β’,
1178 1886 1248 1914 855.

944 1923 1088 1953 Priamus
1107 1924 1266 1954 Helenam
1289 1925 1461 1965 interrogat
1483 1925 1522 1955 de
1544 1925 1636 1955 certis
1657 1935 1736 1965 quos

982 1966 1106 1996 videbat
1125 1967 1242 1996 Graecis
1259 1967 1300 2005 γ’,
1319 1971 1386 1997 161.
1411 1967 1429 1997 a
1452 1977 1594 2006 praecone
1608 1975 1736 1997 vocatur

983 2008 1022 2037 ad
1046 2007 1147 2037 foedus
1173 2009 1349 2038 feriendum
1374 2013 1444 2040 250.
1471 2010 1503 2038 in
1528 2011 1636 2039 urbem
1653 2009 1735 2038 redit

981 2053 1054 2080 505.
1080 2050 1232 2090 Trojanos
1255 2051 1424 2090 alloquitur
1447 2051 1474 2086 ἡ,
1496 2054 1565 2081 268.
1583 2051 1736 2080 militibus

982 2098 1103 2130 portam
1132 2093 1251 2131 aperire
1270 2093 1362 2132 jubet
1395 2092 1432 2131 φ’,
1468 2097 1538 2123 527.
1574 2093 1734 2123 Achillem

983 2134 1179 2172 conspicatus
1211 2134 1382 2164 Hectorem
1415 2141 1483 2164 orat
1513 2145 1551 2164 ne
1583 2145 1656 2164 cum
1680 2134 1736 2164 illo

983 2176 1204 2215 congrediatur
1218 2178 1266 2215 χ’,
1281 2180 1331 2206 58.
1358 2177 1530 2206 Hectorem
1554 2177 1641 2215 luget
1662 2180 1733 2206 412.

984 2219 1074 2247 uxori
1090 2218 1237 2248 mandata
1252 2219 1340 2249 Jovis
1354 2218 1393 2248 de
1409 2218 1578 2257 repetendo
1596 2218 1735 2248 Hectore

983 2260 1079 2290 refert
1095 2261 1123 2293 ὦ,
1145 2264 1211 2291 194.
1227 2260 1309 2290 dona
1323 2261 1419 2290 sumit
1434 2271 1504 2300 quae
1519 2261 1598 2290 serat
1617 2260 1734 2290 Achilli

985 2306 1055 2333 229.
1080 2302 1160 2331 filios
1182 2303 1327 2343 objurgat
1350 2307 1420 2333 247.
1444 2302 1556 2333 Jovem
1572 2309 1639 2332 orat
1659 2305 1732 2332 508.

986 2345 1145 2374 Achillem
1180 2345 1324 2374 convenit
1361 2347 1431 2375 477.
1466 2344 1556 2384 eique
1581 2344 1735 2382 supplicat

983 2390 1054 2416 486.
1071 2387 1104 2415 in
1120 2388 1229 2416 urbem
1245 2387 1329 2416 vehit
1345 2397 1457 2425 corpus
1476 2386 1624 2416 Hectoris
1641 2389 1711 2417 707.

946 2428 1131 2468 Prodigium
1148 2429 1184 2464 λ’,
1201 2432 1251 2459 55.
1274 2429 1315 2467 μ’,
1333 2432 1403 2459 200.

946 2470 1134 2500 Protesilaus
1149 2471 1185 2505 β’,
1203 2475 1273 2501 698.

945 2512 1100 2542 Prothous
1114 2513 1154 2548 β’,
1171 2516 1240 2543 758.

945 2553 1086 2593 Pygmaei
1103 2554 1143 2592 γ’,
1159 2559 1187 2585 6.

946 2596 1142 2635 l’ylaemenes
1156 2596 1196 2634 β’,
1212 2600 1282 2627 851.
1299 2596 1419 2627 occisus
1435 2597 1454 2632 i,
1472 2600 1542 2627 576.

948 2638 1026 2677 Pylii
1044 2638 1082 2671 β’,
1100 2642 1171 2669 591.

947 2679 1143 2719 Pyraechmes
1158 2680 1198 2716 β’,
1213 2684 1282 2710 848.

946 2721 1070 2761 Python
1086 2723 1125 2757 β’,
1140 2725 1209 2753 519.

1315 2832 1351 2861 R„

159 2911 198 2941 nii
215 2912 397 2951 objurgatur
413 2916 481 2941 428.
506 2922 542 2942 ex
566 2911 674 2950 proelio
690 2911 812 2949 elapsus
835 2922 906 2941 cum
950 2893 1159 2942 RHESUS
1179 2912 1214 2947 ι’.
1243 2917 1312 2944 455.
1338 2911 1355 2942 ὁ
1384 2913 1539 2944 Diomede
1563 2914 1735 2944 trucidatur

163 2953 287 2983 Helena
323 2954 526 2993 conjungitur
556 2957 626 2983 437.
661 2960 754 2993 negat
781 2953 908 2983 reddere

163 2995 319 3024 Helenam
345 2997 371 3032 ἡ,
394 2999 464 3026 555.
493 2995 679 3025 Diomedem
704 2995 845 3025 vulnerat
871 2995 908 3032 λ’,

984 2957 1054 2985 495.

951 2995 1063 3025 Rhodii
1081 2996 1117 3031 β’,
1135 2999 1204 3026 654.
