<?xml version="1.0" encoding="UTF-8"?>
<!DOCTYPE html PUBLIC "-//W3C//DTD XHTML 1.0 Transitional//EN"
    "http://www.w3.org/TR/xhtml1/DTD/xhtml1-transitional.dtd">
<html xmlns="http://www.w3.org/1999/xhtml" xml:lang="en" lang="en">
 <head>
  <title>
</title>
<meta http-equiv="Content-Type" content="text/html;charset=utf-8" />
  <meta name='ocr-system' content='tesseract 3.04.00' />
  <meta name='ocr-capabilities' content='ocr_page ocr_carea ocr_par ocr_line ocrx_word'/>
</head>
<body>
  <div class='ocr_page' id='page_1' title='image "./iliasgraeceetlat02homeuoft/iliasgraeceetlat02homeuoft_0526.png"; bbox 0 0 1936 3376; ppageno 0'>
   <div class='ocr_carea' id='block_1_1' title="bbox 513 392 1472 509">
    <p class='ocr_par' dir='ltr' id='par_1_1' title="bbox 513 392 1472 509">
     <span class='ocr_line' id='line_1_1' title="bbox 513 392 1472 509; baseline 0.002 -40"><span class='ocrx_word' id='word_1_1' title='bbox 513 392 940 471; x_wconf 82' lang='lat' dir='ltr'><strong>INDEX</strong></span> <span class='ocrx_word' id='word_1_2' title='bbox 1006 394 1472 509; x_wconf 81' lang='lat' dir='ltr'>RERUM</span> 
     </span>
    </p>
   </div>
   <div class='ocr_carea' id='block_1_2' title="bbox 399 582 1586 628">
    <p class='ocr_par' dir='ltr' id='par_1_2' title="bbox 399 582 1586 628">
     <span class='ocr_line' id='line_1_2' title="bbox 399 582 1586 628; baseline 0.002 -4"><span class='ocrx_word' id='word_1_3' title='bbox 399 582 466 624; x_wconf 92' lang='lat' dir='ltr'>IN</span> <span class='ocrx_word' id='word_1_4' title='bbox 499 584 717 626; x_wconf 90' lang='lat' dir='ltr'>ILIADE</span> <span class='ocrx_word' id='word_1_5' title='bbox 752 585 1018 626; x_wconf 89' lang='lat' dir='ltr'>MAXIME</span> <span class='ocrx_word' id='word_1_6' title='bbox 1051 585 1586 628; x_wconf 90' lang='lat' dir='ltr'>MEMORABILIUM.</span> 
     </span>
    </p>
   </div>
   <div class='ocr_carea' id='block_1_3' title="bbox 561 1026 600 1056">
    <p class='ocr_par' dir='ltr' id='par_1_3' title="bbox 561 1026 600 1056">
     <span class='ocr_line' id='line_1_3' title="bbox 561 1026 600 1056; baseline 0 0"><span class='ocrx_word' id='word_1_7' title='bbox 561 1026 600 1056; x_wconf 87' lang='lat' dir='ltr'>A.</span> 
     </span>
    </p>
   </div>
   <div class='ocr_carea' id='block_1_4' title="bbox 185 1097 982 2993">
    <p class='ocr_par' dir='ltr' id='par_1_4' title="bbox 185 1097 713 1149">
     <span class='ocr_line' id='line_1_4' title="bbox 185 1097 713 1149; baseline 0 -9"><span class='ocrx_word' id='word_1_8' title='bbox 185 1097 436 1144; x_wconf 69' lang='lat' dir='ltr'>ABANTES</span> <span class='ocrx_word' id='word_1_9' title='bbox 451 1110 489 1147; x_wconf 72' lang='grc' dir='ltr'>β’,</span> <span class='ocrx_word' id='word_1_10' title='bbox 506 1114 576 1142; x_wconf 77' lang='lat'>542.</span> <span class='ocrx_word' id='word_1_11' title='bbox 590 1110 626 1149; x_wconf 66' lang='grc' dir='ltr'>δ’,</span> <span class='ocrx_word' id='word_1_12' title='bbox 642 1115 713 1141; x_wconf 79' lang='lat'>464.</span> 
     </span>
    </p>

    <p class='ocr_par' dir='ltr' id='par_1_5' title="bbox 187 1152 458 1193">
     <span class='ocr_line' id='line_1_5' title="bbox 187 1152 458 1193; baseline -0.007 -8"><span class='ocrx_word' id='word_1_13' title='bbox 187 1154 318 1193; x_wconf 78' lang='lat' dir='ltr'>Abydus</span> <span class='ocrx_word' id='word_1_14' title='bbox 333 1152 371 1188; x_wconf 79' lang='grc' dir='ltr'>β’,</span> <span class='ocrx_word' id='word_1_15' title='bbox 389 1156 458 1183; x_wconf 81' lang='grc'><strong>856.</strong></span> 
     </span>
    </p>

    <p class='ocr_par' dir='ltr' id='par_1_6' title="bbox 186 1195 932 1233">
     <span class='ocr_line' id='line_1_6' title="bbox 186 1195 932 1233; baseline -0.001 -6"><span class='ocrx_word' id='word_1_16' title='bbox 186 1197 322 1227; x_wconf 80' lang='lat' dir='ltr'>Acamas</span> <span class='ocrx_word' id='word_1_17' title='bbox 336 1195 373 1230; x_wconf 74' lang='grc' dir='ltr'>β’,</span> <span class='ocrx_word' id='word_1_18' title='bbox 392 1199 461 1225; x_wconf 84' lang='grc'><strong>825.</strong></span> <span class='ocrx_word' id='word_1_19' title='bbox 508 1195 665 1225; x_wconf 84' lang='lat' dir='ltr'>Boeotium</span> <span class='ocrx_word' id='word_1_20' title='bbox 683 1195 796 1225; x_wconf 87' lang='lat' dir='ltr'>occidit</span> <span class='ocrx_word' id='word_1_21' title='bbox 811 1195 844 1233; x_wconf 80' lang='grc' dir='ltr'>ξ’,</span> <span class='ocrx_word' id='word_1_22' title='bbox 861 1198 932 1226; x_wconf 86' lang='grc'><strong>475.</strong></span> 
     </span>
    </p>

    <p class='ocr_par' dir='ltr' id='par_1_7' title="bbox 186 1237 858 1277">
     <span class='ocr_line' id='line_1_7' title="bbox 186 1237 858 1277; baseline -0.003 -9"><span class='ocrx_word' id='word_1_23' title='bbox 186 1237 346 1268; x_wconf 68' lang='lat' dir='ltr'>Achelous</span> <span class='ocrx_word' id='word_1_24' title='bbox 362 1248 413 1267; x_wconf 84' lang='lat' dir='ltr'>rex</span> <span class='ocrx_word' id='word_1_25' title='bbox 431 1248 582 1277; x_wconf 87' lang='lat' dir='ltr'>aquarum</span> <span class='ocrx_word' id='word_1_26' title='bbox 599 1237 635 1275; x_wconf 82' lang='grc' dir='ltr'>φ’,</span> <span class='ocrx_word' id='word_1_27' title='bbox 656 1241 723 1269; x_wconf 81' lang='grc'><strong>194.</strong></span> <span class='ocrx_word' id='word_1_28' title='bbox 740 1238 770 1273; x_wconf 70' lang='grc' dir='ltr'>ὦ,</span> <span class='ocrx_word' id='word_1_29' title='bbox 787 1241 858 1268; x_wconf 87' lang='grc'><strong>616.</strong></span> 
     </span>
    </p>

    <p class='ocr_par' dir='ltr' id='par_1_8' title="bbox 188 1278 981 2832">
     <span class='ocr_line' id='line_1_8' title="bbox 188 1278 974 1318; baseline -0.003 -7"><span class='ocrx_word' id='word_1_30' title='bbox 188 1280 327 1311; x_wconf 71' lang='lat' dir='ltr'>Achilles</span> <span class='ocrx_word' id='word_1_31' title='bbox 343 1280 380 1313; x_wconf 73' lang='grc' dir='ltr'>β’,</span> <span class='ocrx_word' id='word_1_32' title='bbox 398 1284 467 1310; x_wconf 70' lang='grc'><strong>685.</strong></span> <span class='ocrx_word' id='word_1_33' title='bbox 485 1278 503 1308; x_wconf 73' lang='lat' dir='ltr'>a</span> <span class='ocrx_word' id='word_1_34' title='bbox 519 1286 616 1309; x_wconf 89' lang='lat' dir='ltr'>matre</span> <span class='ocrx_word' id='word_1_35' title='bbox 632 1279 801 1309; x_wconf 82' lang='lat' dir='ltr'>vindictam</span> <span class='ocrx_word' id='word_1_36' title='bbox 825 1279 903 1318; x_wconf 86' lang='lat' dir='ltr'>petit</span> <span class='ocrx_word' id='word_1_37' title='bbox 928 1280 974 1309; x_wconf 86' lang='lat' dir='ltr'>A-</span> 
     </span>
     <span class='ocr_line' id='line_1_9' title="bbox 225 1321 974 1357; baseline -0.003 -4"><span class='ocrx_word' id='word_1_38' title='bbox 225 1323 388 1353; x_wconf 74' lang='lat' dir='ltr'>chivorum</span> <span class='ocrx_word' id='word_1_39' title='bbox 417 1323 448 1356; x_wconf 76' lang='grc' dir='ltr'>ά,</span> <span class='ocrx_word' id='word_1_40' title='bbox 469 1325 539 1352; x_wconf 84' lang='lat'>552.</span> <span class='ocrx_word' id='word_1_41' title='bbox 563 1321 750 1351; x_wconf 81' lang='lat' dir='ltr'>fortissimus</span> <span class='ocrx_word' id='word_1_42' title='bbox 773 1322 811 1357; x_wconf 73' lang='grc' dir='ltr'>β’,</span> <span class='ocrx_word' id='word_1_43' title='bbox 837 1326 906 1352; x_wconf 86' lang='grc'><strong>769.</strong></span> <span class='ocrx_word' id='word_1_44' title='bbox 931 1322 974 1351; x_wconf 91' lang='lat' dir='ltr'>le-</span> 
     </span>
     <span class='ocr_line' id='line_1_10' title="bbox 225 1363 974 1405; baseline -0.001 -11"><span class='ocrx_word' id='word_1_45' title='bbox 225 1371 314 1405; x_wconf 83' lang='lat' dir='ltr'>gatos</span> <span class='ocrx_word' id='word_1_46' title='bbox 330 1363 580 1403; x_wconf 72' lang='lat' dir='ltr'>Agamemnonis</span> <span class='ocrx_word' id='word_1_47' title='bbox 592 1364 734 1393; x_wconf 77' lang='lat' dir='ltr'>convivio</span> <span class='ocrx_word' id='word_1_48' title='bbox 746 1364 860 1402; x_wconf 85' lang='lat' dir='ltr'>excipit</span> <span class='ocrx_word' id='word_1_49' title='bbox 876 1364 894 1398; x_wconf 80' lang='grc' dir='ltr'>ι’,</span> <span class='ocrx_word' id='word_1_50' title='bbox 909 1367 974 1395; x_wconf 85' lang='lat'>199.</span> 
     </span>
     <span class='ocr_line' id='line_1_11' title="bbox 226 1405 974 1445; baseline -0.003 -9"><span class='ocrx_word' id='word_1_51' title='bbox 226 1406 393 1444; x_wconf 75' lang='lat' dir='ltr'>respondet</span> <span class='ocrx_word' id='word_1_52' title='bbox 413 1406 518 1445; x_wconf 76' lang='lat' dir='ltr'>Ulyssi</span> <span class='ocrx_word' id='word_1_53' title='bbox 534 1409 606 1436; x_wconf 86' lang='lat'>507.</span> <span class='ocrx_word' id='word_1_54' title='bbox 634 1405 775 1435; x_wconf 82' lang='lat' dir='ltr'>Phoenici</span> <span class='ocrx_word' id='word_1_55' title='bbox 792 1410 861 1436; x_wconf 88' lang='lat'>602.</span> <span class='ocrx_word' id='word_1_56' title='bbox 880 1412 911 1434; x_wconf 88' lang='lat' dir='ltr'>et</span> <span class='ocrx_word' id='word_1_57' title='bbox 930 1406 974 1435; x_wconf 85' lang='lat' dir='ltr'>A·</span> 
     </span>
     <span class='ocr_line' id='line_1_12' title="bbox 221 1447 974 1490; baseline -0.003 -12"><span class='ocrx_word' id='word_1_58' title='bbox 221 1449 284 1490; x_wconf 89' lang='lat' dir='ltr'>jaci</span> <span class='ocrx_word' id='word_1_59' title='bbox 303 1453 373 1479; x_wconf 83' lang='lat'>640.</span> <span class='ocrx_word' id='word_1_60' title='bbox 399 1448 610 1477; x_wconf 74' lang='lat' dir='ltr'>Machaonem</span> <span class='ocrx_word' id='word_1_61' title='bbox 633 1447 834 1477; x_wconf 86' lang='lat' dir='ltr'>vulneratum</span> <span class='ocrx_word' id='word_1_62' title='bbox 857 1447 974 1482; x_wconf 78' lang='lat' dir='ltr'>videns,</span> 
     </span>
     <span class='ocr_line' id='line_1_13' title="bbox 230 1489 975 1524; baseline -0.004 -3"><span class='ocrx_word' id='word_1_63' title='bbox 230 1491 411 1521; x_wconf 79' lang='lat' dir='ltr'>Patroclum</span> <span class='ocrx_word' id='word_1_64' title='bbox 435 1490 532 1519; x_wconf 88' lang='lat' dir='ltr'>mittit</span> <span class='ocrx_word' id='word_1_65' title='bbox 548 1489 587 1519; x_wconf 88' lang='lat' dir='ltr'>ad</span> <span class='ocrx_word' id='word_1_66' title='bbox 603 1489 825 1519; x_wconf 83' lang='lat' dir='ltr'>sciscitandum</span> <span class='ocrx_word' id='word_1_67' title='bbox 849 1490 887 1524; x_wconf 83' lang='grc' dir='ltr'>λ’,</span> <span class='ocrx_word' id='word_1_68' title='bbox 905 1494 975 1520; x_wconf 87' lang='grc'><strong>605.</strong></span> 
     </span>
     <span class='ocr_line' id='line_1_14' title="bbox 226 1531 975 1572; baseline -0.004 -9"><span class='ocrx_word' id='word_1_69' title='bbox 226 1533 400 1572; x_wconf 85' lang='lat' dir='ltr'>plorantem</span> <span class='ocrx_word' id='word_1_70' title='bbox 421 1531 602 1561; x_wconf 74' lang='lat' dir='ltr'>Patroclum</span> <span class='ocrx_word' id='word_1_71' title='bbox 618 1531 790 1571; x_wconf 81' lang='lat' dir='ltr'>interrogat</span> <span class='ocrx_word' id='word_1_72' title='bbox 807 1531 849 1568; x_wconf 68' lang='grc' dir='ltr'>π’,</span> <span class='ocrx_word' id='word_1_73' title='bbox 866 1535 894 1562; x_wconf 92' lang='lat'>7.</span> <span class='ocrx_word' id='word_1_74' title='bbox 915 1531 975 1560; x_wconf 84' lang='lat' dir='ltr'>Pa-</span> 
     </span>
     <span class='ocr_line' id='line_1_15' title="bbox 226 1573 977 1613; baseline -0.004 -8"><span class='ocrx_word' id='word_1_75' title='bbox 226 1576 360 1605; x_wconf 81' lang='lat' dir='ltr'>troclum</span> <span class='ocrx_word' id='word_1_76' title='bbox 378 1575 408 1603; x_wconf 86' lang='lat' dir='ltr'>in</span> <span class='ocrx_word' id='word_1_77' title='bbox 431 1573 575 1612; x_wconf 75' lang='lat' dir='ltr'>proelium</span> <span class='ocrx_word' id='word_1_78' title='bbox 598 1573 695 1603; x_wconf 87' lang='lat' dir='ltr'>mittit</span> <span class='ocrx_word' id='word_1_79' title='bbox 709 1573 800 1613; x_wconf 85' lang='lat' dir='ltr'>eique</span> <span class='ocrx_word' id='word_1_80' title='bbox 823 1579 977 1612; x_wconf 66' lang='lat' dir='ltr'>praecepta</span> 
     </span>
     <span class='ocr_line' id='line_1_16' title="bbox 226 1616 977 1656; baseline -0.004 -9"><span class='ocrx_word' id='word_1_81' title='bbox 226 1617 280 1647; x_wconf 86' lang='lat' dir='ltr'>dat</span> <span class='ocrx_word' id='word_1_82' title='bbox 295 1621 344 1647; x_wconf 87' lang='lat'>46.</span> <span class='ocrx_word' id='word_1_83' title='bbox 364 1616 582 1656; x_wconf 81' lang='lat' dir='ltr'>Myrmidonas</span> <span class='ocrx_word' id='word_1_84' title='bbox 597 1621 697 1645; x_wconf 88' lang='lat' dir='ltr'>armat</span> <span class='ocrx_word' id='word_1_85' title='bbox 715 1618 781 1646; x_wconf 77' lang='lat'>155.</span> <span class='ocrx_word' id='word_1_86' title='bbox 805 1621 836 1644; x_wconf 90' lang='lat' dir='ltr'>et</span> <span class='ocrx_word' id='word_1_87' title='bbox 858 1616 977 1644; x_wconf 90' lang='lat' dir='ltr'>animat</span> 
     </span>
     <span class='ocr_line' id='line_1_17' title="bbox 227 1657 976 1695; baseline -0.004 -5"><span class='ocrx_word' id='word_1_88' title='bbox 227 1664 297 1690; x_wconf 89' lang='lat'>200.</span> <span class='ocrx_word' id='word_1_89' title='bbox 321 1658 392 1689; x_wconf 83' lang='lat' dir='ltr'>Jovi</span> <span class='ocrx_word' id='word_1_90' title='bbox 416 1659 524 1687; x_wconf 89' lang='lat' dir='ltr'>vinum</span> <span class='ocrx_word' id='word_1_91' title='bbox 550 1658 625 1687; x_wconf 85' lang='lat' dir='ltr'>libat</span> <span class='ocrx_word' id='word_1_92' title='bbox 647 1668 720 1687; x_wconf 89' lang='lat' dir='ltr'>cum</span> <span class='ocrx_word' id='word_1_93' title='bbox 742 1657 885 1695; x_wconf 81' lang='lat' dir='ltr'>precibus</span> <span class='ocrx_word' id='word_1_94' title='bbox 906 1661 976 1687; x_wconf 85' lang='lat'>255.</span> 
     </span>
     <span class='ocr_line' id='line_1_18' title="bbox 227 1699 976 1736; baseline -0.003 -5"><span class='ocrx_word' id='word_1_95' title='bbox 227 1712 293 1731; x_wconf 82' lang='lat' dir='ltr'>sese</span> <span class='ocrx_word' id='word_1_96' title='bbox 319 1702 358 1730; x_wconf 92' lang='lat' dir='ltr'>ob</span> <span class='ocrx_word' id='word_1_97' title='bbox 388 1706 519 1730; x_wconf 83' lang='lat' dir='ltr'>mortem</span> <span class='ocrx_word' id='word_1_98' title='bbox 549 1700 684 1730; x_wconf 83' lang='lat' dir='ltr'>Patrocli</span> <span class='ocrx_word' id='word_1_99' title='bbox 715 1699 842 1729; x_wconf 82' lang='lat' dir='ltr'>afflictat</span> <span class='ocrx_word' id='word_1_100' title='bbox 868 1699 905 1736; x_wconf 71' lang='grc' dir='ltr'>α’,</span> <span class='ocrx_word' id='word_1_101' title='bbox 928 1703 976 1729; x_wconf 91' lang='grc'>22.</span> 
     </span>
     <span class='ocr_line' id='line_1_19' title="bbox 229 1741 976 1780; baseline -0.003 -7"><span class='ocrx_word' id='word_1_102' title='bbox 229 1743 356 1773; x_wconf 84' lang='lat' dir='ltr'>Thetidi</span> <span class='ocrx_word' id='word_1_103' title='bbox 379 1743 500 1772; x_wconf 87' lang='lat' dir='ltr'>luctum</span> <span class='ocrx_word' id='word_1_104' title='bbox 523 1753 615 1772; x_wconf 90' lang='lat' dir='ltr'>suum</span> <span class='ocrx_word' id='word_1_105' title='bbox 639 1741 768 1780; x_wconf 83' lang='lat' dir='ltr'>exponit</span> <span class='ocrx_word' id='word_1_106' title='bbox 791 1745 839 1772; x_wconf 88' lang='lat'>79.</span> <span class='ocrx_word' id='word_1_107' title='bbox 866 1741 976 1771; x_wconf 88' lang='lat' dir='ltr'>Patro-</span> 
     </span>
     <span class='ocr_line' id='line_1_20' title="bbox 227 1784 976 1825; baseline -0.003 -10"><span class='ocrx_word' id='word_1_108' title='bbox 227 1786 312 1816; x_wconf 90' lang='lat' dir='ltr'>clum</span> <span class='ocrx_word' id='word_1_109' title='bbox 330 1785 417 1825; x_wconf 83' lang='lat' dir='ltr'>luget</span> <span class='ocrx_word' id='word_1_110' title='bbox 431 1788 502 1814; x_wconf 87' lang='grc'><strong>516.</strong></span> <span class='ocrx_word' id='word_1_111' title='bbox 531 1784 578 1822; x_wconf 68' lang='grc' dir='ltr'>ψ’,</span> <span class='ocrx_word' id='word_1_112' title='bbox 599 1788 644 1814; x_wconf 92' lang='lat'>18.</span> <span class='ocrx_word' id='word_1_113' title='bbox 672 1784 785 1813; x_wconf 87' lang='lat' dir='ltr'>metuit</span> <span class='ocrx_word' id='word_1_114' title='bbox 801 1794 840 1813; x_wconf 87' lang='lat' dir='ltr'>ne</span> <span class='ocrx_word' id='word_1_115' title='bbox 866 1784 976 1813; x_wconf 87' lang='lat' dir='ltr'>Patro-</span> 
     </span>
     <span class='ocr_line' id='line_1_21' title="bbox 227 1825 976 1866; baseline -0.001 -9"><span class='ocrx_word' id='word_1_116' title='bbox 227 1828 266 1858; x_wconf 88' lang='lat' dir='ltr'>cli</span> <span class='ocrx_word' id='word_1_117' title='bbox 283 1838 395 1866; x_wconf 89' lang='lat' dir='ltr'>corpus</span> <span class='ocrx_word' id='word_1_118' title='bbox 410 1832 566 1865; x_wconf 80' lang='lat' dir='ltr'>putrescat</span> <span class='ocrx_word' id='word_1_119' title='bbox 582 1825 616 1861; x_wconf 71' lang='grc' dir='ltr'>τ’,</span> <span class='ocrx_word' id='word_1_120' title='bbox 635 1830 683 1856; x_wconf 77' lang='grc'>24.</span> <span class='ocrx_word' id='word_1_121' title='bbox 701 1826 885 1856; x_wconf 76' lang='lat' dir='ltr'>concionem</span> <span class='ocrx_word' id='word_1_122' title='bbox 901 1836 976 1856; x_wconf 87' lang='lat' dir='ltr'>con-</span> 
     </span>
     <span class='ocr_line' id='line_1_22' title="bbox 228 1868 977 1908; baseline -0.001 -9"><span class='ocrx_word' id='word_1_123' title='bbox 228 1876 315 1900; x_wconf 82' lang='lat' dir='ltr'>vocat</span> <span class='ocrx_word' id='word_1_124' title='bbox 341 1873 390 1899; x_wconf 83' lang='grc'>40.</span> <span class='ocrx_word' id='word_1_125' title='bbox 417 1879 511 1908; x_wconf 83' lang='lat' dir='ltr'>quam</span> <span class='ocrx_word' id='word_1_126' title='bbox 539 1869 708 1908; x_wconf 77' lang='lat' dir='ltr'>alloquitur</span> <span class='ocrx_word' id='word_1_127' title='bbox 733 1872 783 1899; x_wconf 89' lang='lat'>56.</span> <span class='ocrx_word' id='word_1_128' title='bbox 814 1868 919 1898; x_wconf 85' lang='lat' dir='ltr'>cibum</span> <span class='ocrx_word' id='word_1_129' title='bbox 946 1879 977 1898; x_wconf 84' lang='lat' dir='ltr'>se</span> 
     </span>
     <span class='ocr_line' id='line_1_23' title="bbox 227 1910 974 1951; baseline -0.004 -9"><span class='ocrx_word' id='word_1_130' title='bbox 227 1918 392 1950; x_wconf 87' lang='lat' dir='ltr'>capturum</span> <span class='ocrx_word' id='word_1_131' title='bbox 410 1917 503 1951; x_wconf 86' lang='lat' dir='ltr'>negat</span> <span class='ocrx_word' id='word_1_132' title='bbox 518 1917 590 1941; x_wconf 89' lang='lat' dir='ltr'>ante</span> <span class='ocrx_word' id='word_1_133' title='bbox 606 1911 752 1949; x_wconf 81' lang='lat' dir='ltr'>proelium</span> <span class='ocrx_word' id='word_1_134' title='bbox 772 1914 838 1942; x_wconf 88' lang='grc'><strong>198.</strong></span> <span class='ocrx_word' id='word_1_135' title='bbox 866 1910 974 1939; x_wconf 86' lang='lat' dir='ltr'>Patro-</span> 
     </span>
     <span class='ocr_line' id='line_1_24' title="bbox 227 1953 975 1992; baseline -0.004 -8"><span class='ocrx_word' id='word_1_136' title='bbox 227 1954 312 1984; x_wconf 91' lang='lat' dir='ltr'>clum</span> <span class='ocrx_word' id='word_1_137' title='bbox 330 1953 528 1992; x_wconf 75' lang='lat' dir='ltr'>pertinaciter</span> <span class='ocrx_word' id='word_1_138' title='bbox 550 1953 638 1992; x_wconf 81' lang='lat' dir='ltr'>luget</span> <span class='ocrx_word' id='word_1_139' title='bbox 652 1956 723 1982; x_wconf 87' lang='lat'>515.</span> <span class='ocrx_word' id='word_1_140' title='bbox 751 1959 890 1982; x_wconf 87' lang='lat' dir='ltr'>armatur</span> <span class='ocrx_word' id='word_1_141' title='bbox 904 1956 975 1982; x_wconf 88' lang='lat'>565.</span> 
     </span>
     <span class='ocr_line' id='line_1_25' title="bbox 229 1994 975 2034; baseline -0.003 -9"><span class='ocrx_word' id='word_1_142' title='bbox 229 1997 366 2026; x_wconf 60' lang='lat' dir='ltr'>z&#39;Eneam</span> <span class='ocrx_word' id='word_1_143' title='bbox 383 1995 439 2024; x_wconf 78' lang='lat' dir='ltr'>sibi</span> <span class='ocrx_word' id='word_1_144' title='bbox 456 1995 564 2025; x_wconf 77' lang='lat' dir='ltr'>cedere</span> <span class='ocrx_word' id='word_1_145' title='bbox 582 1996 673 2034; x_wconf 86' lang='lat' dir='ltr'>jubet</span> <span class='ocrx_word' id='word_1_146' title='bbox 697 1995 722 2031; x_wconf 83' lang='grc' dir='ltr'>ύ,</span> <span class='ocrx_word' id='word_1_147' title='bbox 741 1998 809 2024; x_wconf 90' lang='grc'><strong>178.</strong></span> <span class='ocrx_word' id='word_1_148' title='bbox 839 1994 975 2024; x_wconf 85' lang='lat' dir='ltr'>AEneam</span> 
     </span>
     <span class='ocr_line' id='line_1_26' title="bbox 228 2036 975 2076; baseline -0.004 -8"><span class='ocrx_word' id='word_1_149' title='bbox 228 2039 359 2069; x_wconf 81' lang='lat' dir='ltr'>evasisse</span> <span class='ocrx_word' id='word_1_150' title='bbox 382 2037 565 2076; x_wconf 78' lang='lat' dir='ltr'>indignatur</span> <span class='ocrx_word' id='word_1_151' title='bbox 579 2041 650 2066; x_wconf 84' lang='lat'>544.</span> <span class='ocrx_word' id='word_1_152' title='bbox 677 2037 824 2066; x_wconf 79' lang='lat' dir='ltr'>interficit</span> <span class='ocrx_word' id='word_1_153' title='bbox 844 2036 975 2074; x_wconf 86' lang='lat' dir='ltr'>Iphitio-</span> 
     </span>
     <span class='ocr_line' id='line_1_27' title="bbox 229 2078 974 2117; baseline -0.004 -7"><span class='ocrx_word' id='word_1_154' title='bbox 229 2091 300 2110; x_wconf 88' lang='lat' dir='ltr'>nem</span> <span class='ocrx_word' id='word_1_155' title='bbox 329 2084 400 2109; x_wconf 83' lang='lat'>582.</span> <span class='ocrx_word' id='word_1_156' title='bbox 435 2080 677 2109; x_wconf 88' lang='lat' dir='ltr'>Demoleontem</span> <span class='ocrx_word' id='word_1_157' title='bbox 703 2082 775 2110; x_wconf 88' lang='grc'><strong>595.</strong></span> <span class='ocrx_word' id='word_1_158' title='bbox 809 2078 974 2117; x_wconf 87' lang='lat' dir='ltr'>Hippoda-</span> 
     </span>
     <span class='ocr_line' id='line_1_28' title="bbox 228 2120 978 2160; baseline -0.004 -8"><span class='ocrx_word' id='word_1_159' title='bbox 228 2129 367 2152; x_wconf 80' lang='lat' dir='ltr'>mantem</span> <span class='ocrx_word' id='word_1_160' title='bbox 398 2125 468 2152; x_wconf 89' lang='lat'>401.</span> <span class='ocrx_word' id='word_1_161' title='bbox 510 2121 702 2160; x_wconf 79' lang='lat' dir='ltr'>Polydorum</span> <span class='ocrx_word' id='word_1_162' title='bbox 732 2125 803 2151; x_wconf 84' lang='lat'>407.</span> <span class='ocrx_word' id='word_1_163' title='bbox 840 2128 870 2150; x_wconf 89' lang='lat' dir='ltr'>et</span> <span class='ocrx_word' id='word_1_164' title='bbox 900 2120 978 2150; x_wconf 84' lang='lat' dir='ltr'>alios</span> 
     </span>
     <span class='ocr_line' id='line_1_29' title="bbox 229 2162 975 2194; baseline -0.004 0"><span class='ocrx_word' id='word_1_165' title='bbox 229 2165 346 2194; x_wconf 85' lang='lat' dir='ltr'>multos</span> <span class='ocrx_word' id='word_1_166' title='bbox 362 2167 431 2194; x_wconf 87' lang='lat'>455.</span> <span class='ocrx_word' id='word_1_167' title='bbox 460 2163 491 2192; x_wconf 88' lang='lat' dir='ltr'>in</span> <span class='ocrx_word' id='word_1_168' title='bbox 519 2164 649 2193; x_wconf 80' lang='lat' dir='ltr'>Xantho</span> <span class='ocrx_word' id='word_1_169' title='bbox 671 2162 766 2192; x_wconf 85' lang='lat' dir='ltr'>fluvio</span> <span class='ocrx_word' id='word_1_170' title='bbox 788 2163 905 2192; x_wconf 88' lang='lat' dir='ltr'>multos</span> <span class='ocrx_word' id='word_1_171' title='bbox 927 2162 975 2191; x_wconf 80' lang='lat' dir='ltr'>in—</span> 
     </span>
     <span class='ocr_line' id='line_1_30' title="bbox 228 2205 978 2245; baseline -0.004 -9"><span class='ocrx_word' id='word_1_172' title='bbox 228 2207 340 2237; x_wconf 77' lang='lat' dir='ltr'>terficit</span> <span class='ocrx_word' id='word_1_173' title='bbox 357 2207 394 2245; x_wconf 78' lang='grc' dir='ltr'>φ’.</span> <span class='ocrx_word' id='word_1_174' title='bbox 413 2210 458 2236; x_wconf 87' lang='grc'><strong>15.</strong></span> <span class='ocrx_word' id='word_1_175' title='bbox 485 2205 651 2235; x_wconf 84' lang='lat' dir='ltr'>duodecim</span> <span class='ocrx_word' id='word_1_176' title='bbox 670 2205 802 2244; x_wconf 85' lang='lat' dir='ltr'>juvenes</span> <span class='ocrx_word' id='word_1_177' title='bbox 825 2205 978 2244; x_wconf 83' lang='lat' dir='ltr'>Trojanos</span> 
     </span>
     <span class='ocr_line' id='line_1_31' title="bbox 228 2247 975 2286; baseline -0.003 -8"><span class='ocrx_word' id='word_1_178' title='bbox 228 2255 344 2278; x_wconf 87' lang='lat' dir='ltr'>mactat</span> <span class='ocrx_word' id='word_1_179' title='bbox 359 2248 397 2278; x_wconf 86' lang='lat' dir='ltr'>ad</span> <span class='ocrx_word' id='word_1_180' title='bbox 421 2248 621 2286; x_wconf 82' lang='lat' dir='ltr'>sepulchrum</span> <span class='ocrx_word' id='word_1_181' title='bbox 642 2247 777 2277; x_wconf 77' lang='lat' dir='ltr'>Patrocli</span> <span class='ocrx_word' id='word_1_182' title='bbox 793 2251 842 2277; x_wconf 88' lang='lat'>27.</span> <span class='ocrx_word' id='word_1_183' title='bbox 876 2247 975 2286; x_wconf 79' lang='lat' dir='ltr'>Lyca-</span> 
     </span>
     <span class='ocr_line' id='line_1_32' title="bbox 228 2289 976 2329; baseline -0.003 -9"><span class='ocrx_word' id='word_1_184' title='bbox 228 2291 297 2321; x_wconf 83' lang='lat' dir='ltr'>onis</span> <span class='ocrx_word' id='word_1_185' title='bbox 322 2301 428 2329; x_wconf 79' lang='lat' dir='ltr'>preces</span> <span class='ocrx_word' id='word_1_186' title='bbox 453 2289 597 2328; x_wconf 89' lang='lat' dir='ltr'>repudiat</span> <span class='ocrx_word' id='word_1_187' title='bbox 622 2299 757 2328; x_wconf 87' lang='lat' dir='ltr'>eumque</span> <span class='ocrx_word' id='word_1_188' title='bbox 787 2289 901 2319; x_wconf 90' lang='lat' dir='ltr'>occidit</span> <span class='ocrx_word' id='word_1_189' title='bbox 928 2293 976 2320; x_wconf 89' lang='lat'>97.</span> 
     </span>
     <span class='ocr_line' id='line_1_33' title="bbox 228 2330 976 2371; baseline -0.003 -9"><span class='ocrx_word' id='word_1_190' title='bbox 228 2333 365 2362; x_wconf 75' lang='lat' dir='ltr'>occisum</span> <span class='ocrx_word' id='word_1_191' title='bbox 387 2333 603 2370; x_wconf 77' lang='lat' dir='ltr'>Asteropaeum</span> <span class='ocrx_word' id='word_1_192' title='bbox 619 2331 790 2371; x_wconf 78' lang='lat' dir='ltr'>alloquitur</span> <span class='ocrx_word' id='word_1_193' title='bbox 808 2335 875 2361; x_wconf 86' lang='lat'>184.</span> <span class='ocrx_word' id='word_1_194' title='bbox 892 2330 976 2371; x_wconf 79' lang='lat' dir='ltr'>fugi-</span> 
     </span>
     <span class='ocr_line' id='line_1_34' title="bbox 229 2373 979 2412; baseline -0.003 -8"><span class='ocrx_word' id='word_1_195' title='bbox 229 2381 333 2404; x_wconf 81' lang='lat' dir='ltr'>entem</span> <span class='ocrx_word' id='word_1_196' title='bbox 362 2374 533 2404; x_wconf 80' lang='lat' dir='ltr'>Hectorem</span> <span class='ocrx_word' id='word_1_197' title='bbox 560 2375 755 2412; x_wconf 83' lang='lat' dir='ltr'>persequitur</span> <span class='ocrx_word' id='word_1_198' title='bbox 782 2373 824 2411; x_wconf 66' lang='grc' dir='ltr'>χ’,</span> <span class='ocrx_word' id='word_1_199' title='bbox 854 2377 920 2403; x_wconf 77' lang='grc'><strong>158.</strong></span> <span class='ocrx_word' id='word_1_200' title='bbox 948 2379 979 2402; x_wconf 85' lang='lat' dir='ltr'>et</span> 
     </span>
     <span class='ocr_line' id='line_1_35' title="bbox 230 2415 976 2456; baseline -0.001 -11"><span class='ocrx_word' id='word_1_201' title='bbox 230 2417 371 2456; x_wconf 76' lang='lat' dir='ltr'>persequi</span> <span class='ocrx_word' id='word_1_202' title='bbox 389 2417 490 2456; x_wconf 75' lang='lat' dir='ltr'>pergit</span> <span class='ocrx_word' id='word_1_203' title='bbox 506 2420 572 2447; x_wconf 81' lang='lat'>186.</span> <span class='ocrx_word' id='word_1_204' title='bbox 589 2426 623 2445; x_wconf 81' lang='lat' dir='ltr'>ac</span> <span class='ocrx_word' id='word_1_205' title='bbox 640 2415 786 2445; x_wconf 83' lang='lat' dir='ltr'>interficit</span> <span class='ocrx_word' id='word_1_206' title='bbox 797 2419 869 2446; x_wconf 84' lang='grc'><strong>561.</strong></span> <span class='ocrx_word' id='word_1_207' title='bbox 889 2415 976 2454; x_wconf 85' lang='lat' dir='ltr'>Myr-</span> 
     </span>
     <span class='ocr_line' id='line_1_36' title="bbox 229 2457 979 2495; baseline -0.003 -7"><span class='ocrx_word' id='word_1_208' title='bbox 229 2459 409 2489; x_wconf 85' lang='lat' dir='ltr'>midonibus</span> <span class='ocrx_word' id='word_1_209' title='bbox 436 2459 555 2488; x_wconf 86' lang='lat' dir='ltr'>luctum</span> <span class='ocrx_word' id='word_1_210' title='bbox 584 2457 694 2488; x_wconf 86' lang='lat' dir='ltr'>indicit</span> <span class='ocrx_word' id='word_1_211' title='bbox 714 2458 804 2493; x_wconf 45' lang='lat'>426.</span> <span class='ocrx_word' id='word_1_212' title='bbox 832 2457 979 2495; x_wconf 80' lang='lat' dir='ltr'>Sperchio</span> 
     </span>
     <span class='ocr_line' id='line_1_37' title="bbox 230 2500 979 2537; baseline -0.003 -7"><span class='ocrx_word' id='word_1_213' title='bbox 230 2500 325 2530; x_wconf 79' lang='lat' dir='ltr'>flurio</span> <span class='ocrx_word' id='word_1_214' title='bbox 351 2511 472 2530; x_wconf 84' lang='lat' dir='ltr'>comam</span> <span class='ocrx_word' id='word_1_215' title='bbox 500 2500 580 2530; x_wconf 84' lang='lat' dir='ltr'>radit</span> <span class='ocrx_word' id='word_1_216' title='bbox 608 2504 674 2529; x_wconf 81' lang='lat'>141.</span> <span class='ocrx_word' id='word_1_217' title='bbox 701 2500 801 2528; x_wconf 82' lang='lat' dir='ltr'>ventis</span> <span class='ocrx_word' id='word_1_218' title='bbox 827 2500 979 2537; x_wconf 79' lang='lat' dir='ltr'>supplicat</span> 
     </span>
     <span class='ocr_line' id='line_1_38' title="bbox 234 2541 978 2574; baseline -0.003 -2"><span class='ocrx_word' id='word_1_219' title='bbox 234 2545 301 2574; x_wconf 83' lang='lat'>195.</span> <span class='ocrx_word' id='word_1_220' title='bbox 327 2543 417 2572; x_wconf 83' lang='lat' dir='ltr'>ludos</span> <span class='ocrx_word' id='word_1_221' title='bbox 433 2543 578 2572; x_wconf 71' lang='lat' dir='ltr'>funebres</span> <span class='ocrx_word' id='word_1_222' title='bbox 598 2541 742 2571; x_wconf 75' lang='lat' dir='ltr'>Patroclo</span> <span class='ocrx_word' id='word_1_223' title='bbox 758 2542 892 2571; x_wconf 82' lang='lat' dir='ltr'>instituit</span> <span class='ocrx_word' id='word_1_224' title='bbox 909 2545 978 2571; x_wconf 83' lang='lat'>258.</span> 
     </span>
     <span class='ocr_line' id='line_1_39' title="bbox 233 2584 979 2623; baseline -0.003 -9"><span class='ocrx_word' id='word_1_225' title='bbox 233 2584 358 2614; x_wconf 70' lang='lat' dir='ltr'>Nestori</span> <span class='ocrx_word' id='word_1_226' title='bbox 383 2585 519 2623; x_wconf 85' lang='lat' dir='ltr'>phialam</span> <span class='ocrx_word' id='word_1_227' title='bbox 546 2585 642 2613; x_wconf 89' lang='lat' dir='ltr'>donat</span> <span class='ocrx_word' id='word_1_228' title='bbox 668 2587 739 2614; x_wconf 86' lang='lat'>616.</span> <span class='ocrx_word' id='word_1_229' title='bbox 767 2590 979 2622; x_wconf 84' lang='lat' dir='ltr'>pugnatorum</span> 
     </span>
     <span class='ocr_line' id='line_1_40' title="bbox 229 2626 977 2657; baseline -0.004 0"><span class='ocrx_word' id='word_1_230' title='bbox 229 2633 387 2657; x_wconf 83' lang='lat' dir='ltr'>certamen</span> <span class='ocrx_word' id='word_1_231' title='bbox 412 2627 573 2656; x_wconf 78' lang='lat' dir='ltr'>constituit</span> <span class='ocrx_word' id='word_1_232' title='bbox 596 2630 666 2657; x_wconf 83' lang='grc'><strong>652.</strong></span> <span class='ocrx_word' id='word_1_233' title='bbox 698 2626 877 2655; x_wconf 80' lang='lat' dir='ltr'>Patroclum</span> <span class='ocrx_word' id='word_1_234' title='bbox 902 2636 977 2655; x_wconf 89' lang='lat' dir='ltr'>moe-</span> 
     </span>
     <span class='ocr_line' id='line_1_41' title="bbox 231 2667 978 2708; baseline -0.001 -10"><span class='ocrx_word' id='word_1_235' title='bbox 231 2679 302 2698; x_wconf 84' lang='lat' dir='ltr'>rens</span> <span class='ocrx_word' id='word_1_236' title='bbox 329 2669 500 2708; x_wconf 85' lang='lat' dir='ltr'>inquietam</span> <span class='ocrx_word' id='word_1_237' title='bbox 527 2675 650 2698; x_wconf 86' lang='lat' dir='ltr'>noctem</span> <span class='ocrx_word' id='word_1_238' title='bbox 678 2668 765 2698; x_wconf 88' lang='lat' dir='ltr'>ducit</span> <span class='ocrx_word' id='word_1_239' title='bbox 783 2668 816 2703; x_wconf 69' lang='grc' dir='ltr'>ὦ,</span> <span class='ocrx_word' id='word_1_240' title='bbox 831 2671 859 2697; x_wconf 91' lang='lat'>5.</span> <span class='ocrx_word' id='word_1_241' title='bbox 891 2667 978 2697; x_wconf 89' lang='lat' dir='ltr'>Pria-</span> 
     </span>
     <span class='ocr_line' id='line_1_42' title="bbox 232 2710 979 2751; baseline -0.003 -11"><span class='ocrx_word' id='word_1_242' title='bbox 232 2721 320 2741; x_wconf 88' lang='lat' dir='ltr'>mum</span> <span class='ocrx_word' id='word_1_243' title='bbox 337 2711 507 2751; x_wconf 82' lang='lat' dir='ltr'>alloquitur</span> <span class='ocrx_word' id='word_1_244' title='bbox 523 2714 592 2741; x_wconf 80' lang='lat'>517.</span> <span class='ocrx_word' id='word_1_245' title='bbox 623 2710 769 2739; x_wconf 79' lang='lat' dir='ltr'>Hectoris</span> <span class='ocrx_word' id='word_1_246' title='bbox 785 2720 897 2748; x_wconf 87' lang='lat' dir='ltr'>corpus</span> <span class='ocrx_word' id='word_1_247' title='bbox 920 2710 979 2739; x_wconf 89' lang='lat' dir='ltr'>im-</span> 
     </span>
     <span class='ocr_line' id='line_1_43' title="bbox 231 2751 981 2791; baseline -0.001 -9"><span class='ocrx_word' id='word_1_248' title='bbox 231 2754 321 2791; x_wconf 86' lang='lat' dir='ltr'>ponit</span> <span class='ocrx_word' id='word_1_249' title='bbox 346 2754 452 2783; x_wconf 87' lang='lat' dir='ltr'>currui</span> <span class='ocrx_word' id='word_1_250' title='bbox 479 2752 598 2783; x_wconf 86' lang='lat' dir='ltr'>Priami</span> <span class='ocrx_word' id='word_1_251' title='bbox 613 2756 684 2783; x_wconf 86' lang='lat'>589.</span> <span class='ocrx_word' id='word_1_252' title='bbox 714 2751 834 2781; x_wconf 83' lang='lat' dir='ltr'>Priami</span> <span class='ocrx_word' id='word_1_253' title='bbox 860 2762 981 2782; x_wconf 88' lang='lat' dir='ltr'>coenam</span> 
     </span>
     <span class='ocr_line' id='line_1_44' title="bbox 233 2799 405 2832; baseline 0.012 -9"><span class='ocrx_word' id='word_1_254' title='bbox 233 2801 319 2832; x_wconf 85' lang='lat' dir='ltr'>parat</span> <span class='ocrx_word' id='word_1_255' title='bbox 335 2799 405 2825; x_wconf 82' lang='lat'>6‘21.</span> 
     </span>
    </p>

    <p class='ocr_par' dir='ltr' id='par_1_9' title="bbox 192 2836 982 2908">
     <span class='ocr_line' id='line_1_45' title="bbox 192 2836 982 2877; baseline -0.001 -10"><span class='ocrx_word' id='word_1_256' title='bbox 192 2837 311 2867; x_wconf 84' lang='lat' dir='ltr'>Achilli</span> <span class='ocrx_word' id='word_1_257' title='bbox 338 2837 421 2867; x_wconf 85' lang='lat' dir='ltr'>dona</span> <span class='ocrx_word' id='word_1_258' title='bbox 444 2838 483 2867; x_wconf 88' lang='lat' dir='ltr'>ab</span> <span class='ocrx_word' id='word_1_259' title='bbox 511 2838 752 2877; x_wconf 80' lang='lat' dir='ltr'>Agamemnone</span> <span class='ocrx_word' id='word_1_260' title='bbox 779 2842 930 2874; x_wconf 86' lang='lat' dir='ltr'>petuntur</span> <span class='ocrx_word' id='word_1_261' title='bbox 945 2836 982 2872; x_wconf 74' lang='grc' dir='ltr'>τ’,</span> 
     </span>
     <span class='ocr_line' id='line_1_46' title="bbox 233 2883 303 2908; baseline 0 0"><span class='ocrx_word' id='word_1_262' title='bbox 233 2883 303 2908; x_wconf 80' lang='lat'>240.</span> 
     </span>
    </p>

    <p class='ocr_par' dir='ltr' id='par_1_10' title="bbox 193 2920 981 2993">
     <span class='ocr_line' id='line_1_47' title="bbox 193 2920 979 2959; baseline -0.003 -8"><span class='ocrx_word' id='word_1_263' title='bbox 193 2920 327 2951; x_wconf 84' lang='lat' dir='ltr'>Achillis</span> <span class='ocrx_word' id='word_1_264' title='bbox 342 2920 381 2951; x_wconf 83' lang='lat' dir='ltr'>ad</span> <span class='ocrx_word' id='word_1_265' title='bbox 400 2921 537 2951; x_wconf 82' lang='lat' dir='ltr'>Achivos</span> <span class='ocrx_word' id='word_1_266' title='bbox 552 2920 661 2950; x_wconf 90' lang='lat' dir='ltr'>concio</span> <span class='ocrx_word' id='word_1_267' title='bbox 678 2921 705 2955; x_wconf 77' lang='grc' dir='ltr'>α’,</span> <span class='ocrx_word' id='word_1_268' title='bbox 723 2924 772 2951; x_wconf 76' lang='grc'>59.</span> <span class='ocrx_word' id='word_1_269' title='bbox 800 2930 872 2950; x_wconf 91' lang='lat' dir='ltr'>cum</span> <span class='ocrx_word' id='word_1_270' title='bbox 894 2921 979 2959; x_wconf 82' lang='lat' dir='ltr'>Aga—</span> 
     </span>
     <span class='ocr_line' id='line_1_48' title="bbox 234 2962 981 2993; baseline -0.001 -1"><span class='ocrx_word' id='word_1_271' title='bbox 234 2973 401 2993; x_wconf 81' lang='lat' dir='ltr'>memnone</span> <span class='ocrx_word' id='word_1_272' title='bbox 423 2963 489 2993; x_wconf 84' lang='lat' dir='ltr'>rixa</span> <span class='ocrx_word' id='word_1_273' title='bbox 515 2966 581 2993; x_wconf 90' lang='lat'>121.</span> <span class='ocrx_word' id='word_1_274' title='bbox 600 2967 669 2993; x_wconf 86' lang='lat'>225.</span> <span class='ocrx_word' id='word_1_275' title='bbox 687 2965 756 2992; x_wconf 84' lang='lat'>282.</span> <span class='ocrx_word' id='word_1_276' title='bbox 784 2969 814 2992; x_wconf 88' lang='lat' dir='ltr'>et</span> <span class='ocrx_word' id='word_1_277' title='bbox 836 2962 981 2991; x_wconf 69' lang='lat' dir='ltr'>amicitiie</span> 
     </span>
    </p>
   </div>
   <div class='ocr_carea' id='block_1_5' title="bbox 1012 1022 1805 1865">
    <p class='ocr_par' dir='ltr' id='par_1_11' title="bbox 1051 1022 1802 1192">
     <span class='ocr_line' id='line_1_49' title="bbox 1051 1022 1802 1068; baseline 0.001 -11"><span class='ocrx_word' id='word_1_278' title='bbox 1051 1022 1274 1067; x_wconf 82' lang='lat' dir='ltr'>redintegratio</span> <span class='ocrx_word' id='word_1_279' title='bbox 1298 1026 1337 1064; x_wconf 63' lang='grc' dir='ltr'>τ’,</span> <span class='ocrx_word' id='word_1_280' title='bbox 1364 1031 1433 1058; x_wconf 85' lang='grc'><strong>240.</strong></span> <span class='ocrx_word' id='word_1_281' title='bbox 1463 1025 1627 1068; x_wconf 85' lang='lat' dir='ltr'>geminum</span> <span class='ocrx_word' id='word_1_282' title='bbox 1654 1028 1755 1058; x_wconf 82' lang='lat' dir='ltr'>fatum</span> <span class='ocrx_word' id='word_1_283' title='bbox 1781 1028 1802 1064; x_wconf 85' lang='grc' dir='ltr'>ι’,</span> 
     </span>
     <span class='ocr_line' id='line_1_50' title="bbox 1052 1069 1802 1110; baseline 0.003 -11"><span class='ocrx_word' id='word_1_284' title='bbox 1052 1073 1122 1100; x_wconf 92' lang='lat'>410.</span> <span class='ocrx_word' id='word_1_285' title='bbox 1139 1070 1227 1099; x_wconf 87' lang='lat' dir='ltr'>hasta</span> <span class='ocrx_word' id='word_1_286' title='bbox 1242 1069 1283 1104; x_wconf 73' lang='grc' dir='ltr'>π’,</span> <span class='ocrx_word' id='word_1_287' title='bbox 1302 1073 1369 1099; x_wconf 82' lang='lat'>140.</span> <span class='ocrx_word' id='word_1_288' title='bbox 1396 1070 1467 1109; x_wconf 87' lang='lat' dir='ltr'>equi</span> <span class='ocrx_word' id='word_1_289' title='bbox 1491 1071 1602 1110; x_wconf 85' lang='lat' dir='ltr'>lugent</span> <span class='ocrx_word' id='word_1_290' title='bbox 1620 1070 1802 1101; x_wconf 90' lang='lat' dir='ltr'>Patroclum</span> 
     </span>
     <span class='ocr_line' id='line_1_51' title="bbox 1052 1111 1800 1153; baseline 0.001 -12"><span class='ocrx_word' id='word_1_291' title='bbox 1052 1111 1086 1152; x_wconf 77' lang='grc' dir='ltr'>ρ’,</span> <span class='ocrx_word' id='word_1_292' title='bbox 1110 1115 1181 1142; x_wconf 88' lang='grc'><strong>426.</strong></span> <span class='ocrx_word' id='word_1_293' title='bbox 1209 1111 1336 1150; x_wconf 79' lang='lat' dir='ltr'>clypeus</span> <span class='ocrx_word' id='word_1_294' title='bbox 1359 1111 1394 1146; x_wconf 76' lang='grc' dir='ltr'>α’,</span> <span class='ocrx_word' id='word_1_295' title='bbox 1418 1115 1489 1143; x_wconf 89' lang='grc'><strong>479.</strong></span> <span class='ocrx_word' id='word_1_296' title='bbox 1516 1112 1556 1142; x_wconf 88' lang='lat' dir='ltr'>ad</span> <span class='ocrx_word' id='word_1_297' title='bbox 1585 1113 1800 1153; x_wconf 84' lang='lat' dir='ltr'>Agamemno-</span> 
     </span>
     <span class='ocr_line' id='line_1_52' title="bbox 1053 1153 1441 1192; baseline 0.003 -10"><span class='ocrx_word' id='word_1_298' title='bbox 1053 1163 1125 1183; x_wconf 86' lang='lat' dir='ltr'>nem</span> <span class='ocrx_word' id='word_1_299' title='bbox 1142 1153 1301 1192; x_wconf 85' lang='lat' dir='ltr'>responsio</span> <span class='ocrx_word' id='word_1_300' title='bbox 1318 1154 1355 1190; x_wconf 76' lang='grc' dir='ltr'>τ’,</span> <span class='ocrx_word' id='word_1_301' title='bbox 1375 1157 1441 1184; x_wconf 83' lang='grc'><strong>145.</strong></span> 
     </span>
    </p>

    <p class='ocr_par' dir='ltr' id='par_1_12' title="bbox 1014 1193 1738 1236">
     <span class='ocr_line' id='line_1_53' title="bbox 1014 1193 1738 1236; baseline 0.004 -12"><span class='ocrx_word' id='word_1_302' title='bbox 1014 1195 1166 1225; x_wconf 88' lang='lat' dir='ltr'>Adrestus</span> <span class='ocrx_word' id='word_1_303' title='bbox 1181 1196 1219 1231; x_wconf 81' lang='grc' dir='ltr'>β’,</span> <span class='ocrx_word' id='word_1_304' title='bbox 1236 1199 1305 1225; x_wconf 85' lang='grc'><strong>850.</strong></span> <span class='ocrx_word' id='word_1_305' title='bbox 1322 1201 1430 1234; x_wconf 91' lang='lat' dir='ltr'>captus</span> <span class='ocrx_word' id='word_1_306' title='bbox 1446 1194 1464 1225; x_wconf 71' lang='lat' dir='ltr'>a</span> <span class='ocrx_word' id='word_1_307' title='bbox 1482 1193 1631 1227; x_wconf 81' lang='lat' dir='ltr'>Menelao</span> <span class='ocrx_word' id='word_1_308' title='bbox 1647 1196 1682 1236; x_wconf 75' lang='grc' dir='ltr'>ζ,</span> <span class='ocrx_word' id='word_1_309' title='bbox 1696 1200 1738 1227; x_wconf 85' lang='grc'>57</span> 
     </span>
    </p>

    <p class='ocr_par' dir='ltr' id='par_1_13' title="bbox 1012 1238 1272 1277">
     <span class='ocr_line' id='line_1_54' title="bbox 1012 1238 1272 1277; baseline 0.004 -11"><span class='ocrx_word' id='word_1_310' title='bbox 1012 1238 1138 1277; x_wconf 63' lang='grc' dir='ltr'>Ῐίἰςοοη</span> <span class='ocrx_word' id='word_1_311' title='bbox 1154 1239 1186 1272; x_wconf 79' lang='grc' dir='ltr'>ά,</span> <span class='ocrx_word' id='word_1_312' title='bbox 1206 1241 1272 1268; x_wconf 87' lang='lat'>104.</span> 
     </span>
    </p>

    <p class='ocr_par' dir='ltr' id='par_1_14' title="bbox 1013 1278 1300 1319">
     <span class='ocr_line' id='line_1_55' title="bbox 1013 1278 1300 1319; baseline 0.007 -11"><span class='ocrx_word' id='word_1_313' title='bbox 1013 1279 1159 1319; x_wconf 69' lang='lat' dir='ltr'>IEgialus</span> <span class='ocrx_word' id='word_1_314' title='bbox 1174 1278 1213 1315; x_wconf 80' lang='grc' dir='ltr'>β’,</span> <span class='ocrx_word' id='word_1_315' title='bbox 1231 1282 1300 1310; x_wconf 86' lang='grc'><strong>855.</strong></span> 
     </span>
    </p>

    <p class='ocr_par' dir='ltr' id='par_1_15' title="bbox 1013 1320 1802 1561">
     <span class='ocr_line' id='line_1_56' title="bbox 1013 1320 1802 1361; baseline 0.004 -11"><span class='ocrx_word' id='word_1_316' title='bbox 1013 1321 1131 1351; x_wconf 70' lang='grc' dir='ltr'>ᾹΞηεεις</span> <span class='ocrx_word' id='word_1_317' title='bbox 1145 1321 1183 1356; x_wconf 80' lang='grc' dir='ltr'>β’,</span> <span class='ocrx_word' id='word_1_318' title='bbox 1199 1325 1268 1351; x_wconf 90' lang='grc'><strong>820.</strong></span> <span class='ocrx_word' id='word_1_319' title='bbox 1299 1320 1482 1351; x_wconf 86' lang='lat' dir='ltr'>Pandarum</span> <span class='ocrx_word' id='word_1_320' title='bbox 1508 1322 1620 1361; x_wconf 80' lang='lat' dir='ltr'>quaerit</span> <span class='ocrx_word' id='word_1_321' title='bbox 1636 1321 1658 1357; x_wconf 69' lang='lat' dir='ltr'>i,</span> <span class='ocrx_word' id='word_1_322' title='bbox 1676 1325 1745 1353; x_wconf 88' lang='lat'>164.</span> <span class='ocrx_word' id='word_1_323' title='bbox 1771 1329 1802 1353; x_wconf 78' lang='lat' dir='ltr'>et</span> 
     </span>
     <span class='ocr_line' id='line_1_57' title="bbox 1052 1363 1799 1403; baseline 0.001 -10"><span class='ocrx_word' id='word_1_324' title='bbox 1052 1373 1125 1393; x_wconf 87' lang='lat' dir='ltr'>cum</span> <span class='ocrx_word' id='word_1_325' title='bbox 1148 1373 1185 1392; x_wconf 88' lang='lat' dir='ltr'>co</span> <span class='ocrx_word' id='word_1_326' title='bbox 1211 1363 1401 1393; x_wconf 85' lang='lat' dir='ltr'>Diomedem</span> <span class='ocrx_word' id='word_1_327' title='bbox 1424 1364 1607 1403; x_wconf 82' lang='lat' dir='ltr'>aggreditur</span> <span class='ocrx_word' id='word_1_328' title='bbox 1627 1368 1697 1394; x_wconf 86' lang='lat'>240.</span> <span class='ocrx_word' id='word_1_329' title='bbox 1725 1364 1799 1394; x_wconf 88' lang='lat' dir='ltr'>Cre-</span> 
     </span>
     <span class='ocr_line' id='line_1_58' title="bbox 1053 1405 1801 1436; baseline 0.003 -2"><span class='ocrx_word' id='word_1_330' title='bbox 1053 1406 1183 1435; x_wconf 86' lang='lat' dir='ltr'>thonem</span> <span class='ocrx_word' id='word_1_331' title='bbox 1199 1412 1230 1434; x_wconf 87' lang='lat' dir='ltr'>et</span> <span class='ocrx_word' id='word_1_332' title='bbox 1248 1405 1449 1435; x_wconf 84' lang='lat' dir='ltr'>Orsilochum</span> <span class='ocrx_word' id='word_1_333' title='bbox 1466 1406 1614 1436; x_wconf 77' lang='lat' dir='ltr'>interficit</span> <span class='ocrx_word' id='word_1_334' title='bbox 1629 1410 1699 1436; x_wconf 88' lang='lat'>541.</span> <span class='ocrx_word' id='word_1_335' title='bbox 1727 1416 1801 1436; x_wconf 88' lang='lat' dir='ltr'>cum</span> 
     </span>
     <span class='ocr_line' id='line_1_59' title="bbox 1055 1447 1800 1487; baseline 0.004 -12"><span class='ocrx_word' id='word_1_336' title='bbox 1055 1447 1181 1476; x_wconf 84' lang='lat' dir='ltr'>Achille</span> <span class='ocrx_word' id='word_1_337' title='bbox 1197 1447 1398 1487; x_wconf 84' lang='lat' dir='ltr'>congreditur</span> <span class='ocrx_word' id='word_1_338' title='bbox 1411 1449 1436 1484; x_wconf 82' lang='grc' dir='ltr'>ύ,</span> <span class='ocrx_word' id='word_1_339' title='bbox 1452 1451 1518 1478; x_wconf 90' lang='lat'>160.</span> <span class='ocrx_word' id='word_1_340' title='bbox 1539 1448 1657 1477; x_wconf 86' lang='lat' dir='ltr'>Achilli</span> <span class='ocrx_word' id='word_1_341' title='bbox 1674 1458 1800 1486; x_wconf 86' lang='lat' dir='ltr'>respon-</span> 
     </span>
     <span class='ocr_line' id='line_1_60' title="bbox 1052 1488 1802 1529; baseline 0.003 -11"><span class='ocrx_word' id='word_1_342' title='bbox 1052 1488 1105 1518; x_wconf 87' lang='lat' dir='ltr'>det</span> <span class='ocrx_word' id='word_1_343' title='bbox 1121 1493 1192 1519; x_wconf 66' lang='lat'>203.</span> <span class='ocrx_word' id='word_1_344' title='bbox 1217 1490 1285 1528; x_wconf 81' lang='lat' dir='ltr'>ejus</span> <span class='ocrx_word' id='word_1_345' title='bbox 1299 1499 1400 1529; x_wconf 87' lang='lat' dir='ltr'>genus</span> <span class='ocrx_word' id='word_1_346' title='bbox 1416 1493 1486 1520; x_wconf 87' lang='lat'>215.</span> <span class='ocrx_word' id='word_1_347' title='bbox 1510 1496 1542 1520; x_wconf 88' lang='lat' dir='ltr'>et</span> <span class='ocrx_word' id='word_1_348' title='bbox 1566 1490 1713 1528; x_wconf 82' lang='lat' dir='ltr'>proelium</span> <span class='ocrx_word' id='word_1_349' title='bbox 1728 1499 1802 1520; x_wconf 87' lang='lat' dir='ltr'>cum</span> 
     </span>
     <span class='ocr_line' id='line_1_61' title="bbox 1056 1531 1267 1561; baseline 0.009 -2"><span class='ocrx_word' id='word_1_350' title='bbox 1056 1531 1181 1560; x_wconf 87' lang='lat' dir='ltr'>Achille</span> <span class='ocrx_word' id='word_1_351' title='bbox 1197 1534 1267 1561; x_wconf 85' lang='grc'><strong>260.</strong></span> 
     </span>
    </p>

    <p class='ocr_par' dir='ltr' id='par_1_16' title="bbox 1014 1571 1513 1611">
     <span class='ocr_line' id='line_1_62' title="bbox 1014 1571 1513 1611; baseline 0.002 -9"><span class='ocrx_word' id='word_1_352' title='bbox 1014 1571 1215 1611; x_wconf 70' lang='grc' dir='ltr'>Ᾱῑςςυὶειρίυς</span> <span class='ocrx_word' id='word_1_353' title='bbox 1230 1572 1371 1603; x_wconf 88' lang='lat' dir='ltr'>medicus</span> <span class='ocrx_word' id='word_1_354' title='bbox 1387 1573 1425 1608; x_wconf 87' lang='grc' dir='ltr'>λ’,</span> <span class='ocrx_word' id='word_1_355' title='bbox 1443 1576 1513 1605; x_wconf 87' lang='grc'><strong>517.</strong></span> 
     </span>
    </p>

    <p class='ocr_par' dir='ltr' id='par_1_17' title="bbox 1014 1614 1537 1653">
     <span class='ocr_line' id='line_1_63' title="bbox 1014 1614 1537 1653; baseline 0.004 -9"><span class='ocrx_word' id='word_1_356' title='bbox 1014 1615 1151 1653; x_wconf 81' lang='lat' dir='ltr'>AEsepus</span> <span class='ocrx_word' id='word_1_357' title='bbox 1166 1614 1284 1645; x_wconf 88' lang='lat' dir='ltr'>flumen</span> <span class='ocrx_word' id='word_1_358' title='bbox 1299 1615 1336 1652; x_wconf 81' lang='grc' dir='ltr'>β’,</span> <span class='ocrx_word' id='word_1_359' title='bbox 1355 1619 1424 1646; x_wconf 88' lang='grc'><strong>825.</strong></span> <span class='ocrx_word' id='word_1_360' title='bbox 1440 1614 1472 1651; x_wconf 74' lang='grc' dir='ltr'>δ’,</span> <span class='ocrx_word' id='word_1_361' title='bbox 1489 1619 1537 1646; x_wconf 88' lang='grc'>91.</span> 
     </span>
    </p>

    <p class='ocr_par' dir='ltr' id='par_1_18' title="bbox 1015 1657 1254 1692">
     <span class='ocr_line' id='line_1_64' title="bbox 1015 1657 1254 1692; baseline 0.004 -6"><span class='ocrx_word' id='word_1_362' title='bbox 1015 1657 1114 1686; x_wconf 86' lang='lat' dir='ltr'>AEtoli</span> <span class='ocrx_word' id='word_1_363' title='bbox 1128 1657 1168 1692; x_wconf 80' lang='grc' dir='ltr'>β’,</span> <span class='ocrx_word' id='word_1_364' title='bbox 1183 1661 1254 1687; x_wconf 83' lang='grc'><strong>658.</strong></span> 
     </span>
    </p>

    <p class='ocr_par' dir='ltr' id='par_1_19' title="bbox 1016 1698 1805 1865">
     <span class='ocr_line' id='line_1_65' title="bbox 1016 1698 1804 1739; baseline 0.001 -11"><span class='ocrx_word' id='word_1_365' title='bbox 1016 1700 1238 1739; x_wconf 86' lang='lat' dir='ltr'>Agamemnon</span> <span class='ocrx_word' id='word_1_366' title='bbox 1263 1698 1302 1734; x_wconf 74' lang='grc' dir='ltr'>β’,</span> <span class='ocrx_word' id='word_1_367' title='bbox 1327 1701 1398 1730; x_wconf 89' lang='grc'><strong>576.</strong></span> <span class='ocrx_word' id='word_1_368' title='bbox 1430 1699 1470 1738; x_wconf 73' lang='grc' dir='ltr'>γ’.</span> <span class='ocrx_word' id='word_1_369' title='bbox 1498 1703 1566 1730; x_wconf 84' lang='grc'><strong>166.</strong></span> <span class='ocrx_word' id='word_1_370' title='bbox 1600 1699 1804 1739; x_wconf 84' lang='lat' dir='ltr'>Chryseidem</span> 
     </span>
     <span class='ocr_line' id='line_1_66' title="bbox 1054 1741 1802 1779; baseline 0.003 -9"><span class='ocrx_word' id='word_1_371' title='bbox 1054 1742 1133 1779; x_wconf 87' lang='lat' dir='ltr'>patri</span> <span class='ocrx_word' id='word_1_372' title='bbox 1149 1742 1280 1771; x_wconf 87' lang='lat' dir='ltr'>remittit</span> <span class='ocrx_word' id='word_1_373' title='bbox 1295 1742 1324 1776; x_wconf 78' lang='grc' dir='ltr'>οἱ,</span> <span class='ocrx_word' id='word_1_374' title='bbox 1337 1745 1409 1772; x_wconf 90' lang='grc'><strong>508.</strong></span> <span class='ocrx_word' id='word_1_375' title='bbox 1444 1741 1617 1772; x_wconf 85' lang='lat' dir='ltr'>Briseidem</span> <span class='ocrx_word' id='word_1_376' title='bbox 1634 1743 1672 1772; x_wconf 89' lang='lat' dir='ltr'>ab</span> <span class='ocrx_word' id='word_1_377' title='bbox 1691 1742 1802 1772; x_wconf 87' lang='lat' dir='ltr'>Achil-</span> 
     </span>
     <span class='ocr_line' id='line_1_67' title="bbox 1054 1783 1805 1814; baseline 0.003 -2"><span class='ocrx_word' id='word_1_378' title='bbox 1054 1783 1084 1813; x_wconf 89' lang='lat' dir='ltr'>le</span> <span class='ocrx_word' id='word_1_379' title='bbox 1099 1783 1228 1813; x_wconf 81' lang='lat' dir='ltr'>accersit</span> <span class='ocrx_word' id='word_1_380' title='bbox 1242 1787 1313 1813; x_wconf 85' lang='lat'>520.</span> <span class='ocrx_word' id='word_1_381' title='bbox 1331 1783 1363 1812; x_wconf 88' lang='lat' dir='ltr'>in</span> <span class='ocrx_word' id='word_1_382' title='bbox 1380 1784 1513 1813; x_wconf 88' lang='lat' dir='ltr'>concilio</span> <span class='ocrx_word' id='word_1_383' title='bbox 1529 1784 1687 1814; x_wconf 89' lang='lat' dir='ltr'>somnium</span> <span class='ocrx_word' id='word_1_384' title='bbox 1700 1790 1805 1814; x_wconf 87' lang='lat' dir='ltr'>narrat</span> 
     </span>
     <span class='ocr_line' id='line_1_68' title="bbox 1053 1825 1803 1865; baseline -0.001 -9"><span class='ocrx_word' id='word_1_385' title='bbox 1053 1825 1091 1861; x_wconf 79' lang='grc' dir='ltr'>β’.</span> <span class='ocrx_word' id='word_1_386' title='bbox 1109 1830 1158 1856; x_wconf 86' lang='grc'>56.</span> <span class='ocrx_word' id='word_1_387' title='bbox 1189 1826 1400 1856; x_wconf 79' lang='lat' dir='ltr'>Machaonem</span> <span class='ocrx_word' id='word_1_388' title='bbox 1418 1826 1509 1865; x_wconf 87' lang='lat' dir='ltr'>jubet</span> <span class='ocrx_word' id='word_1_389' title='bbox 1531 1826 1644 1856; x_wconf 88' lang='lat' dir='ltr'>accersi</span> <span class='ocrx_word' id='word_1_390' title='bbox 1667 1826 1706 1856; x_wconf 83' lang='lat' dir='ltr'>ad</span> <span class='ocrx_word' id='word_1_391' title='bbox 1731 1826 1803 1856; x_wconf 86' lang='lat' dir='ltr'>Me-</span> 
     </span>
    </p>
   </div>
   <div class='ocr_carea' id='block_1_6' title="bbox 1054 1866 1857 1908">
    <p class='ocr_par' dir='ltr' id='par_1_20' title="bbox 1054 1866 1857 1908">
     <span class='ocr_line' id='line_1_69' title="bbox 1054 1866 1857 1908; baseline 0 -11"><span class='ocrx_word' id='word_1_392' title='bbox 1054 1867 1181 1897; x_wconf 87' lang='lat' dir='ltr'>nelaum</span> <span class='ocrx_word' id='word_1_393' title='bbox 1208 1866 1243 1902; x_wconf 72' lang='lat'>3¹,</span> <span class='ocrx_word' id='word_1_394' title='bbox 1263 1871 1329 1899; x_wconf 83' lang='lat'>193.</span> <span class='ocrx_word' id='word_1_395' title='bbox 1357 1867 1472 1897; x_wconf 80' lang='lat' dir='ltr'>milites</span> <span class='ocrx_word' id='word_1_396' title='bbox 1497 1868 1640 1898; x_wconf 87' lang='lat' dir='ltr'>hortatur</span> <span class='ocrx_word' id='word_1_397' title='bbox 1661 1871 1730 1898; x_wconf 85' lang='lat'>254.</span> <span class='ocrx_word' id='word_1_398' title='bbox 1754 1867 1802 1908; x_wconf 82' lang='lat' dir='ltr'>ig·</span> <span class='ocrx_word' id='word_1_399' title='bbox 1847 1898 1857 1903; x_wconf 38' lang='lat'><em>⁶</em></span> 
     </span>
    </p>
   </div>
   <div class='ocr_carea' id='block_1_7' title="bbox 1017 1910 1806 3002">
    <p class='ocr_par' dir='ltr' id='par_1_21' title="bbox 1049 1910 1806 2535">
     <span class='ocr_line' id='line_1_70' title="bbox 1054 1910 1803 1950; baseline 0 -11"><span class='ocrx_word' id='word_1_400' title='bbox 1054 1920 1149 1939; x_wconf 87' lang='lat' dir='ltr'>navos</span> <span class='ocrx_word' id='word_1_401' title='bbox 1173 1910 1318 1950; x_wconf 86' lang='lat' dir='ltr'>objurgat</span> <span class='ocrx_word' id='word_1_402' title='bbox 1333 1913 1403 1939; x_wconf 87' lang='grc'><strong>240.</strong></span> <span class='ocrx_word' id='word_1_403' title='bbox 1434 1910 1644 1940; x_wconf 86' lang='lat' dir='ltr'>Idomeneum</span> <span class='ocrx_word' id='word_1_404' title='bbox 1670 1910 1803 1949; x_wconf 87' lang='lat' dir='ltr'>alloqui-</span> 
     </span>
     <span class='ocr_line' id='line_1_71' title="bbox 1053 1952 1803 1991; baseline 0.003 -10"><span class='ocrx_word' id='word_1_405' title='bbox 1053 1958 1105 1982; x_wconf 89' lang='lat' dir='ltr'>tur</span> <span class='ocrx_word' id='word_1_406' title='bbox 1121 1956 1191 1982; x_wconf 87' lang='grc'><strong>256.</strong></span> <span class='ocrx_word' id='word_1_407' title='bbox 1212 1952 1324 1991; x_wconf 71' lang='lat' dir='ltr'>ajaces</span> <span class='ocrx_word' id='word_1_408' title='bbox 1340 1952 1405 1981; x_wconf 87' lang='lat' dir='ltr'>adit</span> <span class='ocrx_word' id='word_1_409' title='bbox 1418 1956 1486 1982; x_wconf 85' lang='grc'><strong>272.</strong></span> <span class='ocrx_word' id='word_1_410' title='bbox 1505 1958 1535 1981; x_wconf 86' lang='lat' dir='ltr'>et</span> <span class='ocrx_word' id='word_1_411' title='bbox 1554 1952 1718 1981; x_wconf 78' lang='lat' dir='ltr'>Nestorem</span> <span class='ocrx_word' id='word_1_412' title='bbox 1732 1956 1803 1983; x_wconf 89' lang='lat'>291.</span> 
     </span>
     <span class='ocr_line' id='line_1_72' title="bbox 1053 1994 1804 2034; baseline 0.003 -12"><span class='ocrx_word' id='word_1_413' title='bbox 1053 1995 1198 2034; x_wconf 83' lang='lat' dir='ltr'>objurgat</span> <span class='ocrx_word' id='word_1_414' title='bbox 1223 1994 1445 2023; x_wconf 85' lang='lat' dir='ltr'>Menestheum</span> <span class='ocrx_word' id='word_1_415' title='bbox 1461 1997 1533 2024; x_wconf 87' lang='lat'>558.</span> <span class='ocrx_word' id='word_1_416' title='bbox 1556 2001 1588 2023; x_wconf 90' lang='lat' dir='ltr'>et</span> <span class='ocrx_word' id='word_1_417' title='bbox 1614 1994 1804 2024; x_wconf 85' lang='lat' dir='ltr'>Diomedem</span> 
     </span>
     <span class='ocr_line' id='line_1_73' title="bbox 1053 2036 1805 2067; baseline 0 -1"><span class='ocrx_word' id='word_1_418' title='bbox 1053 2040 1125 2067; x_wconf 77' lang='grc'><strong>564.</strong></span> <span class='ocrx_word' id='word_1_419' title='bbox 1143 2047 1215 2066; x_wconf 86' lang='lat' dir='ltr'>suos</span> <span class='ocrx_word' id='word_1_420' title='bbox 1230 2037 1408 2066; x_wconf 81' lang='lat' dir='ltr'>cohortatus</span> <span class='ocrx_word' id='word_1_421' title='bbox 1435 2036 1641 2066; x_wconf 90' lang='lat' dir='ltr'>Deicoontem</span> <span class='ocrx_word' id='word_1_422' title='bbox 1658 2036 1805 2066; x_wconf 82' lang='lat' dir='ltr'>interficit</span> 
     </span>
     <span class='ocr_line' id='line_1_74' title="bbox 1055 2078 1802 2117; baseline 0 -9"><span class='ocrx_word' id='word_1_423' title='bbox 1055 2079 1078 2114; x_wconf 79' lang='grc' dir='ltr'>ε’,</span> <span class='ocrx_word' id='word_1_424' title='bbox 1094 2082 1164 2109; x_wconf 85' lang='grc'><strong>555.</strong></span> <span class='ocrx_word' id='word_1_425' title='bbox 1181 2078 1276 2108; x_wconf 84' lang='lat' dir='ltr'>duces</span> <span class='ocrx_word' id='word_1_426' title='bbox 1291 2089 1379 2107; x_wconf 85' lang='lat' dir='ltr'>coena</span> <span class='ocrx_word' id='word_1_427' title='bbox 1394 2078 1508 2115; x_wconf 85' lang='lat' dir='ltr'>excipit</span> <span class='ocrx_word' id='word_1_428' title='bbox 1523 2079 1549 2111; x_wconf 75' lang='grc' dir='ltr'>ἡ,</span> <span class='ocrx_word' id='word_1_429' title='bbox 1563 2081 1634 2107; x_wconf 87' lang='grc'><strong>515.</strong></span> <span class='ocrx_word' id='word_1_430' title='bbox 1651 2078 1718 2117; x_wconf 81' lang='lat' dir='ltr'>ejus</span> <span class='ocrx_word' id='word_1_431' title='bbox 1728 2088 1802 2108; x_wconf 89' lang='lat' dir='ltr'>con-</span> 
     </span>
     <span class='ocr_line' id='line_1_75' title="bbox 1055 2120 1802 2159; baseline 0 -9"><span class='ocrx_word' id='word_1_432' title='bbox 1055 2121 1103 2150; x_wconf 92' lang='lat' dir='ltr'>cio</span> <span class='ocrx_word' id='word_1_433' title='bbox 1126 2121 1164 2150; x_wconf 93' lang='lat' dir='ltr'>ad</span> <span class='ocrx_word' id='word_1_434' title='bbox 1191 2120 1287 2150; x_wconf 87' lang='lat' dir='ltr'>duces</span> <span class='ocrx_word' id='word_1_435' title='bbox 1303 2121 1322 2153; x_wconf 85' lang='grc' dir='ltr'>ι’,</span> <span class='ocrx_word' id='word_1_436' title='bbox 1341 2123 1386 2150; x_wconf 91' lang='grc'>17.</span> <span class='ocrx_word' id='word_1_437' title='bbox 1414 2120 1539 2159; x_wconf 90' lang='lat' dir='ltr'>culpam</span> <span class='ocrx_word' id='word_1_438' title='bbox 1566 2120 1682 2149; x_wconf 83' lang='lat' dir='ltr'>fatetur</span> <span class='ocrx_word' id='word_1_439' title='bbox 1707 2126 1738 2150; x_wconf 89' lang='lat' dir='ltr'>et</span> <span class='ocrx_word' id='word_1_440' title='bbox 1756 2120 1802 2149; x_wconf 88' lang='lat' dir='ltr'>A-</span> 
     </span>
     <span class='ocr_line' id='line_1_76' title="bbox 1055 2162 1802 2200; baseline 0 -9"><span class='ocrx_word' id='word_1_441' title='bbox 1055 2163 1140 2192; x_wconf 79' lang='lat' dir='ltr'>chilli</span> <span class='ocrx_word' id='word_1_442' title='bbox 1157 2163 1240 2192; x_wconf 90' lang='lat' dir='ltr'>dona</span> <span class='ocrx_word' id='word_1_443' title='bbox 1255 2162 1403 2191; x_wconf 86' lang='lat' dir='ltr'>daturum</span> <span class='ocrx_word' id='word_1_444' title='bbox 1426 2173 1458 2191; x_wconf 88' lang='lat' dir='ltr'>sc</span> <span class='ocrx_word' id='word_1_445' title='bbox 1481 2162 1645 2200; x_wconf 90' lang='lat' dir='ltr'>pollicetur</span> <span class='ocrx_word' id='word_1_446' title='bbox 1664 2165 1730 2192; x_wconf 92' lang='lat'>115.</span> <span class='ocrx_word' id='word_1_447' title='bbox 1758 2162 1802 2191; x_wconf 88' lang='lat' dir='ltr'>le-</span> 
     </span>
     <span class='ocr_line' id='line_1_77' title="bbox 1055 2203 1805 2244; baseline -0.001 -10"><span class='ocrx_word' id='word_1_448' title='bbox 1055 2211 1145 2244; x_wconf 81' lang='lat' dir='ltr'>gatos</span> <span class='ocrx_word' id='word_1_449' title='bbox 1160 2204 1199 2234; x_wconf 86' lang='lat' dir='ltr'>ad</span> <span class='ocrx_word' id='word_1_450' title='bbox 1219 2204 1377 2234; x_wconf 84' lang='lat' dir='ltr'>Achillem</span> <span class='ocrx_word' id='word_1_451' title='bbox 1394 2205 1489 2234; x_wconf 87' lang='lat' dir='ltr'>mittit</span> <span class='ocrx_word' id='word_1_452' title='bbox 1509 2207 1575 2234; x_wconf 86' lang='lat'>165.</span> <span class='ocrx_word' id='word_1_453' title='bbox 1603 2205 1656 2244; x_wconf 90' lang='lat' dir='ltr'>qui</span> <span class='ocrx_word' id='word_1_454' title='bbox 1672 2203 1805 2234; x_wconf 88' lang='lat' dir='ltr'>redeunt</span> 
     </span>
     <span class='ocr_line' id='line_1_78' title="bbox 1054 2246 1806 2282; baseline -0.001 -6"><span class='ocrx_word' id='word_1_455' title='bbox 1054 2257 1087 2276; x_wconf 86' lang='lat' dir='ltr'>re</span> <span class='ocrx_word' id='word_1_456' title='bbox 1115 2246 1229 2276; x_wconf 72' lang='lat' dir='ltr'>infecta</span> <span class='ocrx_word' id='word_1_457' title='bbox 1252 2250 1322 2277; x_wconf 84' lang='lat'>665.</span> <span class='ocrx_word' id='word_1_458' title='bbox 1353 2253 1384 2276; x_wconf 87' lang='lat' dir='ltr'>et</span> <span class='ocrx_word' id='word_1_459' title='bbox 1411 2246 1578 2276; x_wconf 80' lang='lat' dir='ltr'>Menelaus</span> <span class='ocrx_word' id='word_1_460' title='bbox 1608 2252 1742 2275; x_wconf 72' lang='lat' dir='ltr'>aestuant</span> <span class='ocrx_word' id='word_1_461' title='bbox 1767 2248 1806 2282; x_wconf 71' lang='grc' dir='ltr'>κ’,</span> 
     </span>
     <span class='ocr_line' id='line_1_79' title="bbox 1049 2288 1804 2319; baseline 0 -1"><span class='ocrx_word' id='word_1_462' title='bbox 1049 2292 1078 2319; x_wconf 89' lang='grc'>5.</span> <span class='ocrx_word' id='word_1_463' title='bbox 1095 2289 1176 2319; x_wconf 89' lang='lat' dir='ltr'>inter</span> <span class='ocrx_word' id='word_1_464' title='bbox 1189 2300 1220 2318; x_wconf 91' lang='lat' dir='ltr'>se</span> <span class='ocrx_word' id='word_1_465' title='bbox 1236 2289 1409 2318; x_wconf 70' lang='lat' dir='ltr'>deliberant</span> <span class='ocrx_word' id='word_1_466' title='bbox 1422 2292 1473 2318; x_wconf 75' lang='lat'>55.</span> <span class='ocrx_word' id='word_1_467' title='bbox 1493 2289 1657 2318; x_wconf 75' lang='lat' dir='ltr'>Nestorem</span> <span class='ocrx_word' id='word_1_468' title='bbox 1673 2288 1739 2318; x_wconf 88' lang='lat' dir='ltr'>adit</span> <span class='ocrx_word' id='word_1_469' title='bbox 1755 2291 1804 2319; x_wconf 88' lang='lat'>72.</span> 
     </span>
     <span class='ocr_line' id='line_1_80' title="bbox 1055 2330 1806 2370; baseline 0 -10"><span class='ocrx_word' id='word_1_470' title='bbox 1055 2339 1194 2361; x_wconf 87' lang='lat' dir='ltr'>armatur</span> <span class='ocrx_word' id='word_1_471' title='bbox 1210 2332 1249 2365; x_wconf 77' lang='grc' dir='ltr'>λ’,</span> <span class='ocrx_word' id='word_1_472' title='bbox 1268 2335 1312 2361; x_wconf 78' lang='grc'>15.</span> <span class='ocrx_word' id='word_1_473' title='bbox 1338 2331 1458 2360; x_wconf 84' lang='lat' dir='ltr'>fortiter</span> <span class='ocrx_word' id='word_1_474' title='bbox 1480 2337 1600 2370; x_wconf 81' lang='lat' dir='ltr'>pugnat</span> <span class='ocrx_word' id='word_1_475' title='bbox 1616 2334 1665 2361; x_wconf 79' lang='lat'>91.</span> <span class='ocrx_word' id='word_1_476' title='bbox 1689 2330 1806 2360; x_wconf 84' lang='lat' dir='ltr'>multos</span> 
     </span>
     <span class='ocr_line' id='line_1_81' title="bbox 1055 2372 1804 2411; baseline 0 -9"><span class='ocrx_word' id='word_1_477' title='bbox 1055 2373 1204 2403; x_wconf 84' lang='lat' dir='ltr'>interficit</span> <span class='ocrx_word' id='word_1_478' title='bbox 1227 2377 1296 2403; x_wconf 86' lang='grc'><strong>218.</strong></span> <span class='ocrx_word' id='word_1_479' title='bbox 1323 2373 1506 2402; x_wconf 77' lang='lat' dir='ltr'>vulneratur</span> <span class='ocrx_word' id='word_1_480' title='bbox 1521 2376 1592 2403; x_wconf 80' lang='lat'>252.</span> <span class='ocrx_word' id='word_1_481' title='bbox 1620 2372 1727 2411; x_wconf 85' lang='lat' dir='ltr'>proelio</span> <span class='ocrx_word' id='word_1_482' title='bbox 1749 2372 1804 2402; x_wconf 89' lang='lat' dir='ltr'>de-</span> 
     </span>
     <span class='ocr_line' id='line_1_82' title="bbox 1055 2414 1804 2455; baseline -0.003 -10"><span class='ocrx_word' id='word_1_483' title='bbox 1055 2415 1138 2445; x_wconf 87' lang='lat' dir='ltr'>cedit</span> <span class='ocrx_word' id='word_1_484' title='bbox 1154 2419 1223 2446; x_wconf 84' lang='grc'><strong>276.</strong></span> <span class='ocrx_word' id='word_1_485' title='bbox 1240 2415 1350 2455; x_wconf 78' lang='lat' dir='ltr'>sugam</span> <span class='ocrx_word' id='word_1_486' title='bbox 1365 2415 1474 2444; x_wconf 85' lang='lat' dir='ltr'>suadet</span> <span class='ocrx_word' id='word_1_487' title='bbox 1489 2414 1524 2452; x_wconf 81' lang='grc' dir='ltr'>ξ’,</span> <span class='ocrx_word' id='word_1_488' title='bbox 1540 2418 1588 2445; x_wconf 87' lang='grc'>75.</span> <span class='ocrx_word' id='word_1_489' title='bbox 1610 2415 1683 2444; x_wconf 87' lang='lat' dir='ltr'>hinc</span> <span class='ocrx_word' id='word_1_490' title='bbox 1699 2415 1804 2454; x_wconf 87' lang='lat' dir='ltr'>objur-</span> 
     </span>
     <span class='ocr_line' id='line_1_83' title="bbox 1055 2455 1806 2497; baseline -0.001 -10"><span class='ocrx_word' id='word_1_491' title='bbox 1055 2465 1147 2497; x_wconf 89' lang='lat' dir='ltr'>gatus</span> <span class='ocrx_word' id='word_1_492' title='bbox 1163 2459 1201 2487; x_wconf 82' lang='lat' dir='ltr'>ab</span> <span class='ocrx_word' id='word_1_493' title='bbox 1221 2458 1332 2497; x_wconf 80' lang='lat' dir='ltr'>Ulysse</span> <span class='ocrx_word' id='word_1_494' title='bbox 1348 2460 1397 2486; x_wconf 84' lang='lat'>82.</span> <span class='ocrx_word' id='word_1_495' title='bbox 1416 2458 1502 2496; x_wconf 88' lang='lat' dir='ltr'>jurat</span> <span class='ocrx_word' id='word_1_496' title='bbox 1517 2467 1550 2486; x_wconf 85' lang='lat' dir='ltr'>se</span> <span class='ocrx_word' id='word_1_497' title='bbox 1571 2466 1645 2486; x_wconf 89' lang='lat' dir='ltr'>cum</span> <span class='ocrx_word' id='word_1_498' title='bbox 1664 2455 1806 2486; x_wconf 85' lang='lat' dir='ltr'>Briseide</span> 
     </span>
     <span class='ocr_line' id='line_1_84' title="bbox 1056 2499 1501 2535; baseline 0 -6"><span class='ocrx_word' id='word_1_499' title='bbox 1056 2510 1122 2529; x_wconf 87' lang='lat' dir='ltr'>rem</span> <span class='ocrx_word' id='word_1_500' title='bbox 1139 2511 1201 2529; x_wconf 91' lang='lat' dir='ltr'>non</span> <span class='ocrx_word' id='word_1_501' title='bbox 1219 2500 1362 2529; x_wconf 82' lang='lat' dir='ltr'>habuisse</span> <span class='ocrx_word' id='word_1_502' title='bbox 1378 2499 1415 2535; x_wconf 84' lang='lat'>·.-&#39;,</span> <span class='ocrx_word' id='word_1_503' title='bbox 1431 2502 1501 2529; x_wconf 88' lang='grc'><strong>258.</strong></span> 
     </span>
    </p>

    <p class='ocr_par' dir='ltr' id='par_1_22' title="bbox 1017 2540 1806 2702">
     <span class='ocr_line' id='line_1_85' title="bbox 1017 2540 1805 2581; baseline 0 -11"><span class='ocrx_word' id='word_1_504' title='bbox 1017 2541 1268 2581; x_wconf 84' lang='lat' dir='ltr'>Agamemnonis</span> <span class='ocrx_word' id='word_1_505' title='bbox 1297 2541 1408 2571; x_wconf 88' lang='lat' dir='ltr'>Oratio</span> <span class='ocrx_word' id='word_1_506' title='bbox 1434 2551 1496 2580; x_wconf 85' lang='lat' dir='ltr'>qua</span> <span class='ocrx_word' id='word_1_507' title='bbox 1516 2541 1608 2580; x_wconf 84' lang='lat' dir='ltr'>jubet</span> <span class='ocrx_word' id='word_1_508' title='bbox 1633 2541 1749 2570; x_wconf 82' lang='lat' dir='ltr'>milites</span> <span class='ocrx_word' id='word_1_509' title='bbox 1772 2540 1805 2570; x_wconf 91' lang='lat' dir='ltr'>in</span> 
     </span>
     <span class='ocr_line' id='line_1_86' title="bbox 1056 2582 1805 2622; baseline -0.001 -9"><span class='ocrx_word' id='word_1_510' title='bbox 1056 2585 1188 2622; x_wconf 88' lang='lat' dir='ltr'>patriam</span> <span class='ocrx_word' id='word_1_511' title='bbox 1218 2584 1328 2614; x_wconf 85' lang='lat' dir='ltr'>reverti</span> <span class='ocrx_word' id='word_1_512' title='bbox 1356 2584 1398 2619; x_wconf 63' lang='grc' dir='ltr'>θ’,</span> <span class='ocrx_word' id='word_1_513' title='bbox 1425 2587 1491 2613; x_wconf 88' lang='grc'><strong>108.</strong></span> <span class='ocrx_word' id='word_1_514' title='bbox 1521 2583 1620 2613; x_wconf 84' lang='lat' dir='ltr'>oratio</span> <span class='ocrx_word' id='word_1_515' title='bbox 1645 2583 1684 2613; x_wconf 88' lang='lat' dir='ltr'>de</span> <span class='ocrx_word' id='word_1_516' title='bbox 1713 2582 1805 2612; x_wconf 64' lang='lat' dir='ltr'>Noxa</span> 
     </span>
     <span class='ocr_line' id='line_1_87' title="bbox 1056 2626 1806 2664; baseline -0.001 -9"><span class='ocrx_word' id='word_1_517' title='bbox 1056 2626 1114 2655; x_wconf 67' lang='lat' dir='ltr'>dea</span> <span class='ocrx_word' id='word_1_518' title='bbox 1132 2626 1168 2660; x_wconf 70' lang='grc' dir='ltr'>τ’,</span> <span class='ocrx_word' id='word_1_519' title='bbox 1184 2630 1232 2656; x_wconf 78' lang='grc'>78.</span> <span class='ocrx_word' id='word_1_520' title='bbox 1256 2626 1295 2656; x_wconf 88' lang='lat' dir='ltr'>ad</span> <span class='ocrx_word' id='word_1_521' title='bbox 1312 2626 1424 2656; x_wconf 82' lang='lat' dir='ltr'>Jovem</span> <span class='ocrx_word' id='word_1_522' title='bbox 1441 2635 1545 2664; x_wconf 85' lang='lat' dir='ltr'>preces</span> <span class='ocrx_word' id='word_1_523' title='bbox 1566 2626 1604 2660; x_wconf 82' lang='grc' dir='ltr'>β’,</span> <span class='ocrx_word' id='word_1_524' title='bbox 1619 2628 1691 2655; x_wconf 87' lang='grc'><strong>412.</strong></span> <span class='ocrx_word' id='word_1_525' title='bbox 1714 2626 1806 2656; x_wconf 81' lang='lat' dir='ltr'>verba</span> 
     </span>
     <span class='ocr_line' id='line_1_88' title="bbox 1057 2667 1654 2702; baseline -0.002 -5"><span class='ocrx_word' id='word_1_526' title='bbox 1057 2668 1096 2697; x_wconf 86' lang='lat' dir='ltr'>ad</span> <span class='ocrx_word' id='word_1_527' title='bbox 1116 2668 1300 2698; x_wconf 78' lang='lat' dir='ltr'>Menelaum</span> <span class='ocrx_word' id='word_1_528' title='bbox 1318 2668 1516 2697; x_wconf 85' lang='lat' dir='ltr'>vulneratum</span> <span class='ocrx_word' id='word_1_529' title='bbox 1532 2667 1565 2702; x_wconf 80' lang='grc' dir='ltr'>δ’,</span> <span class='ocrx_word' id='word_1_530' title='bbox 1587 2671 1654 2698; x_wconf 88' lang='lat'>155.</span> 
     </span>
    </p>

    <p class='ocr_par' dir='ltr' id='par_1_23' title="bbox 1020 2711 1328 2749">
     <span class='ocr_line' id='line_1_89' title="bbox 1020 2711 1328 2749; baseline 0.006 -10"><span class='ocrx_word' id='word_1_531' title='bbox 1020 2711 1189 2749; x_wconf 81' lang='lat' dir='ltr'>Agapenor</span> <span class='ocrx_word' id='word_1_532' title='bbox 1204 2711 1242 2745; x_wconf 77' lang='grc' dir='ltr'>β’,</span> <span class='ocrx_word' id='word_1_533' title='bbox 1257 2715 1328 2741; x_wconf 86' lang='grc'><strong>609.</strong></span> 
     </span>
    </p>

    <p class='ocr_par' dir='ltr' id='par_1_24' title="bbox 1019 2750 1804 2833">
     <span class='ocr_line' id='line_1_90' title="bbox 1019 2750 1804 2791; baseline -0.001 -9"><span class='ocrx_word' id='word_1_534' title='bbox 1019 2752 1149 2791; x_wconf 83' lang='lat' dir='ltr'>Agenor</span> <span class='ocrx_word' id='word_1_535' title='bbox 1174 2751 1325 2781; x_wconf 79' lang='lat' dir='ltr'>deliberat</span> <span class='ocrx_word' id='word_1_536' title='bbox 1348 2751 1455 2781; x_wconf 73' lang='lat' dir='ltr'>utrum</span> <span class='ocrx_word' id='word_1_537' title='bbox 1481 2761 1554 2781; x_wconf 91' lang='lat' dir='ltr'>cum</span> <span class='ocrx_word' id='word_1_538' title='bbox 1583 2750 1707 2781; x_wconf 87' lang='lat' dir='ltr'>Achille</span> <span class='ocrx_word' id='word_1_539' title='bbox 1729 2760 1804 2781; x_wconf 88' lang='lat' dir='ltr'>con·</span> 
     </span>
     <span class='ocr_line' id='line_1_91' title="bbox 1058 2794 1663 2833; baseline 0.002 -10"><span class='ocrx_word' id='word_1_540' title='bbox 1058 2794 1218 2833; x_wconf 83' lang='lat' dir='ltr'>grediatur</span> <span class='ocrx_word' id='word_1_541' title='bbox 1234 2794 1272 2829; x_wconf 78' lang='grc' dir='ltr'>ω’,</span> <span class='ocrx_word' id='word_1_542' title='bbox 1289 2798 1358 2824; x_wconf 76' lang='grc'><strong>548.</strong></span> <span class='ocrx_word' id='word_1_543' title='bbox 1376 2794 1578 2833; x_wconf 85' lang='lat' dir='ltr'>congreditur</span> <span class='ocrx_word' id='word_1_544' title='bbox 1593 2798 1663 2824; x_wconf 88' lang='lat'>579.</span> 
     </span>
    </p>

    <p class='ocr_par' dir='ltr' id='par_1_25' title="bbox 1020 2836 1482 2876">
     <span class='ocr_line' id='line_1_92' title="bbox 1020 2836 1482 2876; baseline 0 -11"><span class='ocrx_word' id='word_1_545' title='bbox 1020 2836 1154 2875; x_wconf 85' lang='lat' dir='ltr'>Ajacum</span> <span class='ocrx_word' id='word_1_546' title='bbox 1167 2836 1350 2876; x_wconf 77' lang='lat' dir='ltr'>conjunctio</span> <span class='ocrx_word' id='word_1_547' title='bbox 1366 2836 1394 2869; x_wconf 76' lang='grc' dir='ltr'>ν’.</span> <span class='ocrx_word' id='word_1_548' title='bbox 1413 2839 1482 2866; x_wconf 87' lang='grc'><strong>705.</strong></span> 
     </span>
    </p>

    <p class='ocr_par' dir='ltr' id='par_1_26' title="bbox 1020 2876 1804 2957">
     <span class='ocr_line' id='line_1_93' title="bbox 1020 2876 1804 2918; baseline -0.001 -11"><span class='ocrx_word' id='word_1_549' title='bbox 1020 2879 1101 2918; x_wconf 80' lang='lat' dir='ltr'>Ajax</span> <span class='ocrx_word' id='word_1_550' title='bbox 1121 2878 1205 2908; x_wconf 87' lang='lat' dir='ltr'>Oilei</span> <span class='ocrx_word' id='word_1_551' title='bbox 1221 2877 1260 2915; x_wconf 80' lang='grc' dir='ltr'>β’,</span> <span class='ocrx_word' id='word_1_552' title='bbox 1278 2881 1348 2908; x_wconf 84' lang='grc'><strong>527.</strong></span> <span class='ocrx_word' id='word_1_553' title='bbox 1373 2877 1441 2917; x_wconf 82' lang='lat' dir='ltr'>ejus</span> <span class='ocrx_word' id='word_1_554' title='bbox 1456 2877 1615 2908; x_wconf 86' lang='lat' dir='ltr'>contentio</span> <span class='ocrx_word' id='word_1_555' title='bbox 1636 2887 1710 2907; x_wconf 87' lang='lat' dir='ltr'>cum</span> <span class='ocrx_word' id='word_1_556' title='bbox 1729 2876 1804 2907; x_wconf 86' lang='lat' dir='ltr'>Ido-</span> 
     </span>
     <span class='ocr_line' id='line_1_94' title="bbox 1057 2921 1320 2957; baseline -0.004 -7"><span class='ocrx_word' id='word_1_557' title='bbox 1057 2931 1170 2950; x_wconf 87' lang='lat' dir='ltr'>meneo</span> <span class='ocrx_word' id='word_1_558' title='bbox 1187 2921 1235 2957; x_wconf 64' lang='grc' dir='ltr'>φ’,</span> <span class='ocrx_word' id='word_1_559' title='bbox 1248 2923 1320 2950; x_wconf 89' lang='lat'>475.</span> 
     </span>
    </p>

    <p class='ocr_par' dir='ltr' id='par_1_27' title="bbox 1020 2961 1804 3002">
     <span class='ocr_line' id='line_1_95' title="bbox 1020 2961 1804 3002; baseline -0.001 -11"><span class='ocrx_word' id='word_1_560' title='bbox 1020 2962 1100 3002; x_wconf 82' lang='lat' dir='ltr'>Ajax</span> <span class='ocrx_word' id='word_1_561' title='bbox 1126 2962 1331 2992; x_wconf 86' lang='lat' dir='ltr'>Telamonius</span> <span class='ocrx_word' id='word_1_562' title='bbox 1352 2961 1391 2998; x_wconf 83' lang='grc' dir='ltr'>β’,</span> <span class='ocrx_word' id='word_1_563' title='bbox 1406 2964 1476 2992; x_wconf 90' lang='grc'><strong>557.</strong></span> <span class='ocrx_word' id='word_1_564' title='bbox 1494 2964 1563 2991; x_wconf 70' lang='grc'><strong>768.</strong></span> <span class='ocrx_word' id='word_1_565' title='bbox 1589 2961 1630 3000; x_wconf 77' lang='grc' dir='ltr'>γ’,</span> <span class='ocrx_word' id='word_1_566' title='bbox 1647 2965 1716 2991; x_wconf 80' lang='grc'><strong>226.</strong></span> <span class='ocrx_word' id='word_1_567' title='bbox 1740 2970 1804 2990; x_wconf 72' lang='lat' dir='ltr'>sor-</span> 
     </span>
    </p>
   </div>
  </div>
 </body>
</html>
